Date,Customer Acquisition Type,State,Product,Price,Units,Revenue,Delivery Performance,Return,Customer Satisfaction
1/1/2017,Ad,Florida,Product 2,199,4,796,on-time,no,(2) low
1/1/2017,Returning,North Carolina,Product 3,299,9,2691,on-time,no,(1) very low
1/2/2017,Organic,Mississippi,Product 2,199,6,1194,on-time,no,(3) ok
1/3/2017,Organic,Florida,Product 4,99,3,297,delayed,no,(2) low
1/3/2017,Returning,Mississippi,Product 2,199,7,1393,on-time,no,(3) ok
1/3/2017,Returning,Florida,Product 1,499,6,2994,delayed,no,(2) low
1/3/2017,Organic,Georgia,Product 2,199,4,796,on-time,yes,(3) ok
1/3/2017,Organic,South Carolina,Product 4,99,5,495,on-time,no,(3) ok
1/3/2017,Organic,South Carolina,Product 3,299,1,299,on-time,yes,(4) high
1/3/2017,Ad,Georgia,Product 5,399,7,2793,on-time,no,(5) very high
1/3/2017,Returning,Mississippi,Product 5,399,1,399,on-time,yes,(3) ok
1/3/2017,Ad,Alabama,Product 3,299,4,1196,on-time,no,(5) very high
1/3/2017,Returning,North Carolina,Product 2,199,4,796,on-time,no,(3) ok
1/3/2017,Ad,Alabama,Product 1,499,10,4990,on-time,no,(3) ok
1/3/2017,Returning,Alabama,Product 4,99,6,594,on-time,no,(4) high
1/3/2017,Organic,Georgia,Product 1,499,1,499,on-time,no,(3) ok
1/3/2017,Organic,South Carolina,Product 4,99,5,495,on-time,no,(2) low
1/4/2017,Ad,North Carolina,Product 4,99,5,495,on-time,no,(4) high
1/5/2017,Organic,Florida,Product 1,499,10,4990,delayed,no,(4) high
1/5/2017,Returning,South Carolina,Product 4,99,3,297,delayed,no,(3) ok
1/6/2017,Organic,South Carolina,Product 3,299,3,897,on-time,no,(3) ok
1/6/2017,Returning,Florida,Product 4,99,10,990,on-time,no,(5) very high
1/6/2017,Ad,Mississippi,Product 1,499,10,4990,on-time,no,(4) high
1/6/2017,Organic,Mississippi,Product 1,499,1,499,on-time,no,(1) very low
1/6/2017,Ad,Tennessee,Product 5,399,7,2793,on-time,yes,(3) ok
1/6/2017,Ad,Florida,Product 1,499,5,2495,on-time,no,(3) ok
1/6/2017,Ad,South Carolina,Product 4,99,5,495,on-time,no,(3) ok
1/6/2017,Organic,South Carolina,Product 3,299,3,897,on-time,no,(2) low
1/6/2017,Organic,Florida,Product 4,99,7,693,on-time,no,(2) low
1/6/2017,Returning,North Carolina,Product 1,499,8,3992,on-time,no,(4) high
1/6/2017,Organic,North Carolina,Product 4,99,6,594,on-time,no,(3) ok
1/6/2017,Returning,Georgia,Product 5,399,8,3192,delayed,no,(2) low
1/6/2017,Ad,Georgia,Product 2,199,10,1990,on-time,no,(3) ok
1/6/2017,Organic,Georgia,Product 3,299,10,2990,delayed,no,(3) ok
1/6/2017,Organic,North Carolina,Product 3,299,10,2990,on-time,no,(1) very low
1/6/2017,Ad,Georgia,Product 2,199,6,1194,delayed,no,(1) very low
1/6/2017,Returning,Florida,Product 3,299,7,2093,delayed,no,(2) low
1/6/2017,Organic,South Carolina,Product 2,199,8,1592,delayed,no,(2) low
1/6/2017,Organic,Mississippi,Product 5,399,7,2793,on-time,no,(3) ok
1/6/2017,Returning,Tennessee,Product 4,99,5,495,delayed,no,(4) high
1/6/2017,Ad,North Carolina,Product 2,199,7,1393,on-time,no,(4) high
1/6/2017,Ad,Georgia,Product 4,99,3,297,on-time,no,(2) low
1/7/2017,Ad,Georgia,Product 5,399,6,2394,on-time,no,(3) ok
1/7/2017,Organic,South Carolina,Product 1,499,4,1996,delayed,no,(2) low
1/8/2017,Returning,Georgia,Product 5,399,8,3192,on-time,no,(3) ok
1/8/2017,Returning,Georgia,Product 4,99,2,198,on-time,yes,(4) high
1/8/2017,Organic,Mississippi,Product 4,99,6,594,on-time,no,(4) high
1/9/2017,Organic,Alabama,Product 4,99,3,297,on-time,no,(3) ok
1/10/2017,Ad,South Carolina,Product 1,499,9,4491,delayed,no,(1) very low
1/10/2017,Returning,Tennessee,Product 3,299,5,1495,on-time,no,(3) ok
1/10/2017,Organic,Georgia,Product 1,499,7,3493,delayed,no,(3) ok
1/10/2017,Organic,Mississippi,Product 3,299,1,299,on-time,no,(2) low
1/10/2017,Returning,South Carolina,Product 1,499,1,499,delayed,no,(4) high
1/11/2017,Returning,Florida,Product 4,99,2,198,delayed,no,(2) low
1/12/2017,Returning,Georgia,Product 3,299,6,1794,on-time,no,(4) high
1/12/2017,Ad,Florida,Product 2,199,6,1194,on-time,no,(5) very high
1/12/2017,Organic,Mississippi,Product 5,399,10,3990,on-time,no,(2) low
1/12/2017,Organic,South Carolina,Product 4,99,1,99,on-time,no,(4) high
1/13/2017,Organic,Georgia,Product 3,299,4,1196,delayed,no,(3) ok
1/13/2017,Ad,Tennessee,Product 3,299,8,2392,on-time,no,(1) very low
1/13/2017,Ad,South Carolina,Product 3,299,8,2392,on-time,yes,(4) high
1/13/2017,Returning,South Carolina,Product 2,199,1,199,delayed,yes,(2) low
1/13/2017,Ad,South Carolina,Product 3,299,8,2392,on-time,no,(3) ok
1/13/2017,Organic,Alabama,Product 4,99,5,495,on-time,yes,(1) very low
1/13/2017,Ad,Florida,Product 1,499,2,998,delayed,no,(4) high
1/13/2017,Ad,Alabama,Product 4,99,1,99,on-time,no,(3) ok
1/13/2017,Ad,Florida,Product 2,199,10,1990,on-time,no,(3) ok
1/13/2017,Organic,North Carolina,Product 2,199,8,1592,on-time,no,(3) ok
1/13/2017,Organic,Tennessee,Product 3,299,3,897,on-time,yes,(1) very low
1/13/2017,Organic,Florida,Product 5,399,1,399,on-time,no,(4) high
1/13/2017,Returning,North Carolina,Product 1,499,6,2994,delayed,no,(3) ok
1/13/2017,Ad,Georgia,Product 1,499,5,2495,on-time,no,(3) ok
1/13/2017,Returning,Georgia,Product 4,99,8,792,on-time,no,(4) high
1/13/2017,Organic,South Carolina,Product 5,399,9,3591,delayed,no,(4) high
1/13/2017,Organic,South Carolina,Product 4,99,7,693,on-time,no,(3) ok
1/14/2017,Returning,Mississippi,Product 2,199,4,796,on-time,no,(4) high
1/15/2017,Ad,North Carolina,Product 1,499,7,3493,on-time,no,(3) ok
1/15/2017,Ad,Mississippi,Product 4,99,4,396,on-time,no,(3) ok
1/15/2017,Ad,Mississippi,Product 2,199,2,398,on-time,no,(3) ok
1/15/2017,Returning,Alabama,Product 4,99,6,594,delayed,no,(5) very high
1/15/2017,Organic,Florida,Product 2,199,9,1791,delayed,no,(4) high
1/16/2017,Organic,Alabama,Product 3,299,6,1794,delayed,no,(4) high
1/16/2017,Returning,Florida,Product 5,399,9,3591,on-time,no,(4) high
1/16/2017,Organic,Florida,Product 3,299,8,2392,on-time,no,(2) low
1/17/2017,Ad,Alabama,Product 3,299,3,897,on-time,no,(1) very low
1/17/2017,Ad,Alabama,Product 1,499,4,1996,delayed,no,(4) high
1/17/2017,Ad,North Carolina,Product 4,99,8,792,on-time,no,(3) ok
1/17/2017,Organic,North Carolina,Product 5,399,1,399,on-time,no,(2) low
1/17/2017,Organic,Alabama,Product 5,399,9,3591,on-time,no,(3) ok
1/18/2017,Returning,Alabama,Product 3,299,7,2093,delayed,no,(4) high
1/18/2017,Organic,Mississippi,Product 2,199,7,1393,on-time,no,(3) ok
1/18/2017,Organic,Georgia,Product 4,99,3,297,on-time,no,(3) ok
1/18/2017,Organic,South Carolina,Product 2,199,4,796,on-time,no,(2) low
1/18/2017,Ad,Georgia,Product 1,499,3,1497,delayed,no,(1) very low
1/19/2017,Organic,Mississippi,Product 1,499,6,2994,on-time,no,(3) ok
1/19/2017,Organic,Georgia,Product 5,399,3,1197,on-time,no,(2) low
1/20/2017,Returning,South Carolina,Product 4,99,9,891,delayed,yes,(1) very low
1/20/2017,Ad,Florida,Product 3,299,2,598,on-time,no,(2) low
1/21/2017,Organic,Alabama,Product 1,499,4,1996,on-time,no,(1) very low
1/21/2017,Ad,Florida,Product 3,299,1,299,on-time,no,(1) very low
1/21/2017,Ad,Georgia,Product 2,199,3,597,on-time,no,(4) high
1/21/2017,Ad,Mississippi,Product 5,399,3,1197,on-time,no,(3) ok
1/21/2017,Ad,Alabama,Product 1,499,10,4990,delayed,no,(3) ok
1/21/2017,Ad,Tennessee,Product 4,99,5,495,delayed,no,(3) ok
1/21/2017,Ad,North Carolina,Product 1,499,4,1996,on-time,no,(4) high
1/21/2017,Ad,North Carolina,Product 3,299,5,1495,on-time,no,(4) high
1/21/2017,Ad,Alabama,Product 2,199,3,597,delayed,no,(3) ok
1/21/2017,Returning,Georgia,Product 3,299,4,1196,delayed,no,(4) high
1/21/2017,Returning,South Carolina,Product 1,499,1,499,on-time,no,(3) ok
1/21/2017,Returning,Alabama,Product 1,499,7,3493,delayed,no,(3) ok
1/21/2017,Ad,South Carolina,Product 5,399,2,798,on-time,no,(3) ok
1/21/2017,Organic,Georgia,Product 1,499,8,3992,on-time,no,(4) high
1/21/2017,Organic,Georgia,Product 2,199,4,796,on-time,no,(3) ok
1/22/2017,Returning,North Carolina,Product 4,99,8,792,delayed,yes,(3) ok
1/22/2017,Ad,South Carolina,Product 4,99,6,594,on-time,no,(2) low
1/22/2017,Organic,North Carolina,Product 1,499,6,2994,on-time,no,(3) ok
1/22/2017,Ad,South Carolina,Product 5,399,1,399,delayed,yes,(2) low
1/23/2017,Returning,South Carolina,Product 4,99,7,693,on-time,no,(5) very high
1/24/2017,Organic,South Carolina,Product 4,99,4,396,on-time,yes,(3) ok
1/25/2017,Returning,Georgia,Product 4,99,6,594,on-time,no,(5) very high
1/26/2017,Ad,Georgia,Product 4,99,2,198,on-time,no,(1) very low
1/26/2017,Organic,Tennessee,Product 4,99,3,297,on-time,no,(1) very low
1/26/2017,Ad,Mississippi,Product 5,399,6,2394,on-time,no,(3) ok
1/26/2017,Returning,Mississippi,Product 1,499,8,3992,on-time,yes,(2) low
1/27/2017,Returning,Alabama,Product 4,99,6,594,delayed,no,(3) ok
1/27/2017,Returning,Georgia,Product 5,399,6,2394,on-time,no,(2) low
1/28/2017,Organic,Mississippi,Product 3,299,9,2691,on-time,no,(1) very low
1/28/2017,Returning,South Carolina,Product 2,199,1,199,on-time,yes,(4) high
1/28/2017,Ad,South Carolina,Product 2,199,2,398,on-time,no,(2) low
1/28/2017,Organic,Florida,Product 3,299,3,897,on-time,no,(1) very low
1/28/2017,Returning,Tennessee,Product 4,99,4,396,on-time,no,(3) ok
1/28/2017,Returning,North Carolina,Product 1,499,4,1996,on-time,no,(2) low
1/28/2017,Returning,South Carolina,Product 1,499,8,3992,delayed,no,(3) ok
1/28/2017,Returning,South Carolina,Product 2,199,6,1194,on-time,no,(4) high
1/28/2017,Ad,Georgia,Product 1,499,9,4491,on-time,no,(1) very low
1/29/2017,Ad,North Carolina,Product 5,399,5,1995,on-time,no,(4) high
1/29/2017,Organic,South Carolina,Product 2,199,5,995,on-time,no,(3) ok
1/29/2017,Ad,Tennessee,Product 2,199,1,199,on-time,no,(3) ok
1/30/2017,Ad,South Carolina,Product 5,399,4,1596,on-time,no,(3) ok
1/30/2017,Returning,Tennessee,Product 2,199,5,995,on-time,no,(3) ok
1/30/2017,Organic,Tennessee,Product 1,499,10,4990,on-time,no,(3) ok
1/31/2017,Organic,Mississippi,Product 4,99,9,891,delayed,no,(4) high
1/31/2017,Organic,Mississippi,Product 2,199,8,1592,on-time,no,(2) low
1/31/2017,Organic,North Carolina,Product 4,99,1,99,on-time,no,(1) very low
2/1/2017,Organic,Florida,Product 2,199,4,796,delayed,no,(1) very low
2/1/2017,Ad,Alabama,Product 3,299,9,2691,on-time,no,(3) ok
2/1/2017,Organic,South Carolina,Product 1,499,8,3992,on-time,no,(3) ok
2/1/2017,Returning,Alabama,Product 5,399,4,1596,delayed,yes,(3) ok
2/2/2017,Ad,Georgia,Product 5,399,4,1596,delayed,no,(2) low
2/2/2017,Organic,Mississippi,Product 4,99,9,891,on-time,no,(3) ok
2/3/2017,Organic,Tennessee,Product 3,299,6,1794,delayed,no,(2) low
2/4/2017,Organic,Florida,Product 5,399,2,798,on-time,no,(1) very low
2/5/2017,Returning,Florida,Product 2,199,1,199,on-time,no,(3) ok
2/5/2017,Organic,Mississippi,Product 2,199,9,1791,on-time,no,(4) high
2/5/2017,Returning,South Carolina,Product 2,199,9,1791,on-time,no,(3) ok
2/5/2017,Returning,South Carolina,Product 1,499,4,1996,on-time,no,(3) ok
2/5/2017,Returning,South Carolina,Product 1,499,3,1497,delayed,yes,(4) high
2/5/2017,Returning,South Carolina,Product 2,199,8,1592,on-time,no,(4) high
2/5/2017,Organic,South Carolina,Product 5,399,7,2793,on-time,no,(4) high
2/5/2017,Organic,Mississippi,Product 1,499,9,4491,delayed,no,(4) high
2/5/2017,Organic,Florida,Product 3,299,9,2691,on-time,no,(2) low
2/6/2017,Ad,Alabama,Product 4,99,5,495,on-time,no,(3) ok
2/6/2017,Returning,Alabama,Product 5,399,9,3591,delayed,no,(4) high
2/6/2017,Returning,Georgia,Product 1,499,7,3493,delayed,no,(3) ok
2/7/2017,Ad,Alabama,Product 3,299,9,2691,on-time,no,(4) high
2/7/2017,Returning,Georgia,Product 5,399,8,3192,on-time,no,(3) ok
2/7/2017,Ad,Florida,Product 4,99,4,396,delayed,no,(4) high
2/7/2017,Organic,South Carolina,Product 1,499,6,2994,on-time,no,(4) high
2/7/2017,Organic,Florida,Product 2,199,1,199,on-time,no,(3) ok
2/7/2017,Ad,Georgia,Product 3,299,8,2392,delayed,no,(2) low
2/8/2017,Organic,South Carolina,Product 2,199,10,1990,delayed,no,(2) low
2/8/2017,Organic,South Carolina,Product 2,199,5,995,on-time,no,(2) low
2/8/2017,Ad,Florida,Product 4,99,5,495,on-time,no,(1) very low
2/8/2017,Organic,Georgia,Product 4,99,2,198,on-time,no,(3) ok
2/8/2017,Ad,Mississippi,Product 3,299,8,2392,on-time,no,(4) high
2/9/2017,Returning,Tennessee,Product 3,299,4,1196,delayed,no,(4) high
2/9/2017,Ad,South Carolina,Product 5,399,9,3591,on-time,no,(3) ok
2/9/2017,Ad,Tennessee,Product 3,299,1,299,on-time,no,(2) low
2/9/2017,Organic,Florida,Product 2,199,6,1194,on-time,no,(4) high
2/9/2017,Returning,Tennessee,Product 5,399,2,798,delayed,no,(4) high
2/9/2017,Returning,Tennessee,Product 5,399,2,798,on-time,no,(2) low
2/10/2017,Returning,Alabama,Product 5,399,2,798,on-time,no,(3) ok
2/10/2017,Ad,Tennessee,Product 1,499,3,1497,delayed,no,(4) high
2/10/2017,Returning,Tennessee,Product 3,299,7,2093,delayed,no,(3) ok
2/10/2017,Ad,Georgia,Product 4,99,5,495,on-time,no,(3) ok
2/10/2017,Returning,Mississippi,Product 1,499,6,2994,delayed,no,(4) high
2/10/2017,Ad,Mississippi,Product 3,299,8,2392,delayed,no,(2) low
2/10/2017,Returning,Alabama,Product 2,199,9,1791,on-time,yes,(5) very high
2/10/2017,Returning,Georgia,Product 2,199,5,995,on-time,no,(1) very low
2/11/2017,Ad,North Carolina,Product 5,399,1,399,on-time,no,(4) high
2/11/2017,Ad,North Carolina,Product 5,399,10,3990,on-time,no,(3) ok
2/11/2017,Ad,Alabama,Product 1,499,7,3493,delayed,no,(2) low
2/11/2017,Returning,Georgia,Product 4,99,2,198,on-time,no,(2) low
2/11/2017,Ad,South Carolina,Product 3,299,6,1794,delayed,no,(1) very low
2/12/2017,Returning,Florida,Product 1,499,9,4491,delayed,no,(5) very high
2/12/2017,Organic,Florida,Product 2,199,10,1990,on-time,no,(3) ok
2/12/2017,Ad,South Carolina,Product 5,399,5,1995,delayed,yes,(2) low
2/12/2017,Ad,Georgia,Product 5,399,1,399,delayed,no,(4) high
2/13/2017,Returning,South Carolina,Product 2,199,3,597,on-time,yes,(3) ok
2/13/2017,Ad,Georgia,Product 5,399,6,2394,on-time,no,(5) very high
2/14/2017,Ad,Alabama,Product 1,499,2,998,on-time,no,(1) very low
2/15/2017,Returning,Tennessee,Product 5,399,4,1596,on-time,no,(3) ok
2/16/2017,Returning,Florida,Product 3,299,2,598,on-time,no,(5) very high
2/17/2017,Ad,Georgia,Product 4,99,6,594,delayed,no,(3) ok
2/17/2017,Ad,Mississippi,Product 2,199,4,796,on-time,no,(4) high
2/17/2017,Ad,Alabama,Product 5,399,5,1995,on-time,no,(4) high
2/17/2017,Returning,Alabama,Product 3,299,4,1196,delayed,yes,(3) ok
2/17/2017,Ad,Georgia,Product 5,399,8,3192,on-time,no,(4) high
2/17/2017,Organic,South Carolina,Product 3,299,9,2691,on-time,no,(5) very high
2/17/2017,Ad,Mississippi,Product 4,99,2,198,on-time,no,(1) very low
2/17/2017,Ad,Georgia,Product 3,299,9,2691,on-time,no,(1) very low
2/17/2017,Returning,Mississippi,Product 2,199,10,1990,on-time,no,(3) ok
2/17/2017,Ad,Tennessee,Product 4,99,6,594,delayed,no,(2) low
2/17/2017,Ad,Mississippi,Product 3,299,5,1495,delayed,no,(4) high
2/17/2017,Returning,North Carolina,Product 3,299,5,1495,on-time,no,(3) ok
2/17/2017,Ad,Tennessee,Product 2,199,3,597,delayed,no,(3) ok
2/17/2017,Organic,Georgia,Product 5,399,4,1596,delayed,no,(3) ok
2/17/2017,Organic,Mississippi,Product 1,499,3,1497,on-time,no,(3) ok
2/18/2017,Organic,North Carolina,Product 4,99,2,198,delayed,no,(4) high
2/18/2017,Ad,Florida,Product 4,99,5,495,delayed,no,(1) very low
2/18/2017,Organic,Tennessee,Product 1,499,2,998,on-time,no,(2) low
2/18/2017,Organic,Tennessee,Product 5,399,4,1596,delayed,no,(3) ok
2/18/2017,Returning,South Carolina,Product 5,399,9,3591,delayed,no,(5) very high
2/19/2017,Organic,North Carolina,Product 3,299,5,1495,delayed,no,(5) very high
2/19/2017,Organic,Alabama,Product 3,299,10,2990,on-time,no,(1) very low
2/19/2017,Ad,Mississippi,Product 3,299,8,2392,delayed,no,(2) low
2/19/2017,Organic,North Carolina,Product 2,199,4,796,on-time,no,(2) low
2/19/2017,Ad,Tennessee,Product 5,399,3,1197,delayed,no,(1) very low
2/19/2017,Returning,Georgia,Product 1,499,6,2994,delayed,no,(3) ok
2/20/2017,Returning,South Carolina,Product 1,499,4,1996,on-time,yes,(3) ok
2/21/2017,Organic,South Carolina,Product 4,99,8,792,delayed,no,(4) high
2/21/2017,Ad,Georgia,Product 5,399,7,2793,on-time,no,(3) ok
2/21/2017,Returning,Tennessee,Product 5,399,9,3591,on-time,no,(3) ok
2/21/2017,Organic,South Carolina,Product 4,99,1,99,on-time,no,(2) low
2/21/2017,Returning,Alabama,Product 3,299,8,2392,on-time,no,(3) ok
2/21/2017,Ad,Alabama,Product 2,199,7,1393,on-time,no,(3) ok
2/21/2017,Organic,Florida,Product 4,99,9,891,on-time,no,(3) ok
2/21/2017,Returning,Florida,Product 3,299,8,2392,delayed,no,(3) ok
2/22/2017,Ad,Georgia,Product 2,199,5,995,on-time,no,(5) very high
2/22/2017,Ad,Tennessee,Product 3,299,1,299,on-time,no,(3) ok
2/22/2017,Returning,Alabama,Product 5,399,4,1596,delayed,no,(2) low
2/22/2017,Organic,North Carolina,Product 3,299,4,1196,on-time,no,(3) ok
2/22/2017,Returning,Alabama,Product 3,299,7,2093,on-time,no,(2) low
2/23/2017,Ad,North Carolina,Product 1,499,9,4491,on-time,no,(3) ok
2/23/2017,Organic,North Carolina,Product 2,199,4,796,on-time,no,(5) very high
2/23/2017,Returning,South Carolina,Product 3,299,8,2392,on-time,no,(3) ok
2/23/2017,Ad,Tennessee,Product 5,399,2,798,on-time,no,(4) high
2/23/2017,Organic,Tennessee,Product 3,299,9,2691,on-time,no,(1) very low
2/23/2017,Organic,Mississippi,Product 5,399,8,3192,delayed,no,(4) high
2/23/2017,Organic,Tennessee,Product 4,99,10,990,delayed,yes,(3) ok
2/23/2017,Organic,Florida,Product 3,299,1,299,on-time,no,(3) ok
2/23/2017,Returning,Florida,Product 3,299,1,299,delayed,no,(3) ok
2/24/2017,Returning,Florida,Product 5,399,4,1596,delayed,no,(2) low
2/24/2017,Organic,South Carolina,Product 1,499,7,3493,on-time,no,(2) low
2/24/2017,Ad,Tennessee,Product 4,99,2,198,delayed,no,(3) ok
2/25/2017,Returning,Alabama,Product 2,199,4,796,on-time,no,(2) low
2/25/2017,Ad,North Carolina,Product 2,199,3,597,on-time,no,(4) high
2/25/2017,Returning,Alabama,Product 4,99,10,990,delayed,no,(4) high
2/25/2017,Returning,Mississippi,Product 1,499,5,2495,on-time,no,(2) low
2/25/2017,Ad,Tennessee,Product 5,399,7,2793,on-time,no,(4) high
2/26/2017,Organic,Tennessee,Product 1,499,2,998,on-time,no,(5) very high
2/26/2017,Returning,Mississippi,Product 4,99,7,693,on-time,no,(3) ok
2/26/2017,Returning,Florida,Product 5,399,8,3192,delayed,no,(2) low
2/27/2017,Organic,South Carolina,Product 2,199,8,1592,on-time,no,(4) high
2/27/2017,Ad,Alabama,Product 2,199,1,199,delayed,no,(2) low
2/27/2017,Organic,Alabama,Product 5,399,8,3192,on-time,no,(3) ok
2/27/2017,Returning,Florida,Product 2,199,10,1990,on-time,no,(2) low
2/27/2017,Organic,Georgia,Product 2,199,8,1592,on-time,yes,(3) ok
2/27/2017,Ad,Tennessee,Product 5,399,9,3591,on-time,no,(4) high
2/28/2017,Returning,Florida,Product 3,299,1,299,on-time,no,(3) ok
2/28/2017,Organic,Florida,Product 5,399,1,399,delayed,no,(3) ok
2/28/2017,Ad,North Carolina,Product 2,199,5,995,on-time,no,(3) ok
2/28/2017,Returning,South Carolina,Product 1,499,5,2495,delayed,no,(3) ok
2/28/2017,Ad,North Carolina,Product 3,299,6,1794,on-time,no,(2) low
2/28/2017,Ad,North Carolina,Product 2,199,10,1990,on-time,no,(2) low
2/28/2017,Returning,Mississippi,Product 2,199,7,1393,on-time,no,(1) very low
2/28/2017,Organic,Florida,Product 4,99,8,792,on-time,no,(3) ok
2/28/2017,Ad,Alabama,Product 4,99,2,198,on-time,no,(4) high
3/1/2017,Organic,Mississippi,Product 5,399,5,1995,on-time,no,(2) low
3/1/2017,Organic,Alabama,Product 1,499,5,2495,on-time,no,(4) high
3/1/2017,Ad,Florida,Product 5,399,7,2793,on-time,no,(4) high
3/1/2017,Returning,Alabama,Product 3,299,7,2093,on-time,no,(4) high
3/2/2017,Ad,Alabama,Product 2,199,5,995,delayed,no,(5) very high
3/2/2017,Returning,Florida,Product 4,99,7,693,on-time,no,(3) ok
3/2/2017,Ad,Mississippi,Product 4,99,2,198,on-time,no,(2) low
3/2/2017,Organic,Tennessee,Product 4,99,10,990,on-time,no,(3) ok
3/2/2017,Organic,Tennessee,Product 2,199,1,199,on-time,no,(4) high
3/2/2017,Organic,Tennessee,Product 3,299,3,897,delayed,no,(5) very high
3/2/2017,Returning,North Carolina,Product 5,399,1,399,on-time,no,(3) ok
3/2/2017,Organic,Mississippi,Product 3,299,2,598,delayed,no,(4) high
3/2/2017,Ad,South Carolina,Product 4,99,10,990,delayed,no,(2) low
3/2/2017,Ad,Florida,Product 1,499,10,4990,delayed,no,(1) very low
3/2/2017,Ad,Florida,Product 5,399,3,1197,delayed,yes,(2) low
3/3/2017,Returning,Florida,Product 4,99,1,99,on-time,yes,(4) high
3/3/2017,Returning,Alabama,Product 5,399,3,1197,on-time,no,(3) ok
3/3/2017,Ad,Mississippi,Product 5,399,9,3591,delayed,no,(3) ok
3/3/2017,Organic,Alabama,Product 4,99,8,792,delayed,no,(3) ok
3/3/2017,Ad,Florida,Product 2,199,5,995,delayed,no,(1) very low
3/3/2017,Organic,South Carolina,Product 5,399,7,2793,on-time,no,(3) ok
3/3/2017,Ad,Georgia,Product 4,99,9,891,delayed,no,(1) very low
3/4/2017,Returning,South Carolina,Product 5,399,4,1596,on-time,no,(2) low
3/4/2017,Returning,Alabama,Product 4,99,5,495,on-time,no,(2) low
3/4/2017,Organic,South Carolina,Product 3,299,2,598,on-time,no,(3) ok
3/4/2017,Organic,Georgia,Product 4,99,8,792,on-time,no,(4) high
3/4/2017,Returning,Georgia,Product 1,499,10,4990,on-time,no,(4) high
3/4/2017,Ad,Mississippi,Product 4,99,8,792,on-time,no,(3) ok
3/4/2017,Ad,North Carolina,Product 5,399,8,3192,on-time,no,(2) low
3/4/2017,Returning,Tennessee,Product 4,99,6,594,on-time,no,(5) very high
3/4/2017,Organic,Tennessee,Product 5,399,7,2793,on-time,no,(3) ok
3/4/2017,Organic,Florida,Product 2,199,5,995,on-time,yes,(3) ok
3/4/2017,Organic,Georgia,Product 5,399,2,798,on-time,no,(3) ok
3/4/2017,Returning,South Carolina,Product 5,399,1,399,on-time,no,(2) low
3/4/2017,Returning,Mississippi,Product 4,99,2,198,delayed,no,(3) ok
3/4/2017,Ad,North Carolina,Product 4,99,4,396,delayed,no,(3) ok
3/4/2017,Returning,Tennessee,Product 5,399,5,1995,on-time,no,(3) ok
3/4/2017,Ad,Alabama,Product 2,199,3,597,on-time,no,(3) ok
3/4/2017,Ad,Florida,Product 1,499,4,1996,delayed,yes,(2) low
3/4/2017,Returning,North Carolina,Product 4,99,4,396,on-time,no,(2) low
3/5/2017,Ad,North Carolina,Product 4,99,5,495,on-time,no,(1) very low
3/6/2017,Returning,Mississippi,Product 5,399,1,399,delayed,no,(1) very low
3/6/2017,Ad,Georgia,Product 3,299,4,1196,on-time,no,(2) low
3/6/2017,Organic,South Carolina,Product 2,199,4,796,on-time,no,(2) low
3/6/2017,Ad,Tennessee,Product 2,199,1,199,on-time,no,(1) very low
3/6/2017,Returning,Alabama,Product 4,99,4,396,on-time,no,(4) high
3/6/2017,Ad,Mississippi,Product 4,99,9,891,delayed,no,(2) low
3/6/2017,Organic,South Carolina,Product 5,399,4,1596,on-time,no,(3) ok
3/6/2017,Returning,Florida,Product 5,399,3,1197,on-time,no,(5) very high
3/6/2017,Returning,Florida,Product 5,399,1,399,on-time,no,(2) low
3/6/2017,Organic,Mississippi,Product 4,99,10,990,on-time,no,(5) very high
3/6/2017,Returning,Florida,Product 1,499,2,998,on-time,no,(1) very low
3/6/2017,Ad,South Carolina,Product 2,199,9,1791,on-time,no,(1) very low
3/6/2017,Returning,North Carolina,Product 2,199,10,1990,delayed,no,(1) very low
3/6/2017,Ad,North Carolina,Product 5,399,4,1596,on-time,no,(3) ok
3/6/2017,Organic,Georgia,Product 2,199,8,1592,on-time,no,(1) very low
3/6/2017,Organic,South Carolina,Product 5,399,9,3591,on-time,no,(5) very high
3/6/2017,Ad,Alabama,Product 2,199,2,398,on-time,no,(3) ok
3/6/2017,Organic,Mississippi,Product 5,399,1,399,delayed,no,(4) high
3/6/2017,Ad,Tennessee,Product 2,199,1,199,on-time,no,(1) very low
3/6/2017,Ad,Georgia,Product 2,199,1,199,on-time,no,(1) very low
3/7/2017,Returning,Alabama,Product 3,299,5,1495,on-time,yes,(3) ok
3/7/2017,Returning,South Carolina,Product 1,499,1,499,on-time,no,(5) very high
3/7/2017,Ad,Florida,Product 2,199,9,1791,on-time,no,(3) ok
3/7/2017,Ad,South Carolina,Product 4,99,5,495,on-time,no,(4) high
3/7/2017,Organic,Mississippi,Product 1,499,8,3992,delayed,no,(4) high
3/7/2017,Ad,Florida,Product 1,499,1,499,delayed,yes,(3) ok
3/7/2017,Ad,Alabama,Product 1,499,1,499,on-time,yes,(4) high
3/8/2017,Ad,Alabama,Product 2,199,10,1990,delayed,yes,(4) high
3/8/2017,Organic,North Carolina,Product 1,499,10,4990,delayed,no,(3) ok
3/8/2017,Ad,Florida,Product 2,199,2,398,on-time,no,(5) very high
3/8/2017,Returning,Georgia,Product 5,399,8,3192,on-time,yes,(3) ok
3/8/2017,Ad,Tennessee,Product 5,399,4,1596,on-time,no,(2) low
3/8/2017,Ad,North Carolina,Product 4,99,10,990,delayed,no,(3) ok
3/9/2017,Ad,North Carolina,Product 4,99,2,198,delayed,no,(4) high
3/9/2017,Ad,Alabama,Product 4,99,7,693,on-time,no,(5) very high
3/9/2017,Ad,Tennessee,Product 4,99,7,693,delayed,no,(5) very high
3/9/2017,Returning,North Carolina,Product 4,99,8,792,delayed,no,(4) high
3/10/2017,Organic,Florida,Product 1,499,1,499,on-time,no,(3) ok
3/11/2017,Ad,Florida,Product 3,299,8,2392,on-time,no,(4) high
3/11/2017,Organic,South Carolina,Product 3,299,8,2392,on-time,no,(2) low
3/11/2017,Ad,North Carolina,Product 2,199,2,398,on-time,no,(3) ok
3/11/2017,Ad,Tennessee,Product 4,99,7,693,on-time,no,(2) low
3/12/2017,Returning,Florida,Product 2,199,10,1990,delayed,no,(3) ok
3/12/2017,Ad,Florida,Product 4,99,6,594,on-time,no,(3) ok
3/12/2017,Ad,Florida,Product 2,199,2,398,on-time,no,(3) ok
3/13/2017,Organic,Georgia,Product 3,299,9,2691,on-time,no,(5) very high
3/13/2017,Organic,Mississippi,Product 2,199,2,398,on-time,no,(3) ok
3/13/2017,Ad,Tennessee,Product 5,399,10,3990,on-time,no,(2) low
3/14/2017,Ad,Alabama,Product 1,499,6,2994,delayed,no,(4) high
3/15/2017,Returning,Mississippi,Product 4,99,7,693,on-time,yes,(4) high
3/15/2017,Returning,Georgia,Product 2,199,3,597,delayed,yes,(1) very low
3/15/2017,Returning,North Carolina,Product 3,299,10,2990,delayed,no,(4) high
3/15/2017,Organic,South Carolina,Product 3,299,4,1196,delayed,no,(2) low
3/16/2017,Organic,North Carolina,Product 5,399,10,3990,delayed,yes,(3) ok
3/16/2017,Ad,Alabama,Product 3,299,2,598,on-time,no,(5) very high
3/17/2017,Returning,Alabama,Product 2,199,3,597,on-time,yes,(5) very high
3/18/2017,Ad,Georgia,Product 3,299,4,1196,on-time,no,(4) high
3/18/2017,Ad,Florida,Product 3,299,6,1794,on-time,no,(2) low
3/18/2017,Ad,Mississippi,Product 5,399,9,3591,on-time,no,(3) ok
3/18/2017,Organic,Florida,Product 3,299,9,2691,on-time,no,(1) very low
3/18/2017,Organic,Tennessee,Product 2,199,6,1194,on-time,no,(3) ok
3/18/2017,Returning,North Carolina,Product 3,299,5,1495,delayed,no,(3) ok
3/19/2017,Returning,Georgia,Product 3,299,1,299,on-time,yes,(1) very low
3/19/2017,Organic,Mississippi,Product 5,399,8,3192,on-time,no,(3) ok
3/20/2017,Returning,Mississippi,Product 4,99,9,891,delayed,no,(3) ok
3/20/2017,Returning,South Carolina,Product 4,99,6,594,delayed,no,(2) low
3/21/2017,Returning,Alabama,Product 2,199,9,1791,on-time,yes,(2) low
3/21/2017,Organic,South Carolina,Product 5,399,8,3192,on-time,no,(3) ok
3/21/2017,Returning,Florida,Product 5,399,2,798,on-time,no,(3) ok
3/22/2017,Ad,Florida,Product 3,299,8,2392,on-time,no,(3) ok
3/22/2017,Organic,North Carolina,Product 2,199,2,398,on-time,no,(3) ok
3/22/2017,Returning,South Carolina,Product 1,499,9,4491,on-time,no,(2) low
3/22/2017,Organic,Alabama,Product 5,399,4,1596,on-time,no,(3) ok
3/23/2017,Returning,North Carolina,Product 3,299,9,2691,delayed,no,(3) ok
3/23/2017,Returning,Alabama,Product 4,99,7,693,on-time,no,(3) ok
3/23/2017,Organic,Georgia,Product 5,399,9,3591,delayed,no,(3) ok
3/23/2017,Returning,South Carolina,Product 4,99,4,396,on-time,no,(3) ok
3/23/2017,Organic,Mississippi,Product 1,499,10,4990,on-time,no,(2) low
3/23/2017,Organic,Alabama,Product 3,299,6,1794,on-time,no,(2) low
3/23/2017,Organic,Alabama,Product 5,399,7,2793,on-time,yes,(2) low
3/23/2017,Organic,Georgia,Product 2,199,10,1990,on-time,no,(3) ok
3/23/2017,Ad,South Carolina,Product 1,499,8,3992,delayed,no,(4) high
3/23/2017,Returning,Mississippi,Product 4,99,6,594,delayed,no,(3) ok
3/23/2017,Organic,South Carolina,Product 4,99,3,297,delayed,no,(3) ok
3/23/2017,Ad,Florida,Product 5,399,3,1197,delayed,no,(3) ok
3/24/2017,Returning,Georgia,Product 4,99,4,396,on-time,no,(4) high
3/24/2017,Ad,South Carolina,Product 1,499,6,2994,on-time,no,(4) high
3/24/2017,Ad,South Carolina,Product 5,399,6,2394,on-time,no,(1) very low
3/25/2017,Ad,Tennessee,Product 2,199,1,199,delayed,no,(3) ok
3/25/2017,Ad,North Carolina,Product 4,99,6,594,delayed,no,(5) very high
3/25/2017,Returning,South Carolina,Product 1,499,6,2994,delayed,no,(3) ok
3/26/2017,Organic,North Carolina,Product 3,299,4,1196,on-time,no,(2) low
3/26/2017,Returning,South Carolina,Product 4,99,3,297,on-time,no,(1) very low
3/26/2017,Ad,Mississippi,Product 3,299,3,897,on-time,no,(3) ok
3/26/2017,Ad,Alabama,Product 2,199,5,995,delayed,yes,(1) very low
3/26/2017,Returning,Alabama,Product 5,399,7,2793,delayed,no,(3) ok
3/26/2017,Organic,Tennessee,Product 1,499,9,4491,on-time,no,(4) high
3/26/2017,Organic,Tennessee,Product 4,99,5,495,on-time,no,(3) ok
3/26/2017,Returning,Alabama,Product 2,199,2,398,on-time,no,(5) very high
3/26/2017,Ad,North Carolina,Product 5,399,4,1596,delayed,no,(3) ok
3/26/2017,Organic,North Carolina,Product 3,299,6,1794,on-time,no,(2) low
3/27/2017,Returning,North Carolina,Product 4,99,9,891,on-time,no,(2) low
3/28/2017,Returning,South Carolina,Product 4,99,6,594,on-time,no,(3) ok
3/29/2017,Ad,Alabama,Product 3,299,4,1196,on-time,no,(3) ok
3/29/2017,Organic,Mississippi,Product 5,399,6,2394,on-time,no,(3) ok
3/30/2017,Ad,Florida,Product 1,499,7,3493,on-time,no,(3) ok
3/30/2017,Organic,South Carolina,Product 3,299,5,1495,on-time,no,(3) ok
3/31/2017,Ad,Alabama,Product 4,99,6,594,on-time,no,(4) high
4/1/2017,Organic,Florida,Product 2,199,5,995,on-time,no,(3) ok
4/2/2017,Organic,North Carolina,Product 3,299,5,1495,delayed,no,(2) low
4/2/2017,Ad,North Carolina,Product 1,499,10,4990,delayed,no,(3) ok
4/2/2017,Returning,Tennessee,Product 4,99,9,891,delayed,no,(2) low
4/2/2017,Ad,South Carolina,Product 5,399,5,1995,on-time,no,(3) ok
4/2/2017,Ad,Mississippi,Product 3,299,5,1495,on-time,no,(3) ok
4/2/2017,Returning,Georgia,Product 2,199,8,1592,on-time,yes,(3) ok
4/2/2017,Returning,Tennessee,Product 3,299,2,598,on-time,no,(2) low
4/2/2017,Organic,North Carolina,Product 4,99,2,198,on-time,no,(5) very high
4/2/2017,Returning,Mississippi,Product 2,199,3,597,delayed,no,(2) low
4/3/2017,Returning,Mississippi,Product 1,499,10,4990,on-time,no,(2) low
4/4/2017,Organic,South Carolina,Product 1,499,4,1996,on-time,no,(1) very low
4/4/2017,Returning,Mississippi,Product 3,299,8,2392,on-time,no,(3) ok
4/4/2017,Ad,Tennessee,Product 5,399,1,399,on-time,no,(3) ok
4/4/2017,Organic,Georgia,Product 3,299,4,1196,delayed,no,(5) very high
4/4/2017,Ad,Mississippi,Product 3,299,4,1196,delayed,no,(3) ok
4/4/2017,Ad,Florida,Product 3,299,10,2990,on-time,no,(1) very low
4/5/2017,Organic,South Carolina,Product 2,199,6,1194,on-time,no,(5) very high
4/5/2017,Returning,Georgia,Product 4,99,9,891,on-time,no,(3) ok
4/6/2017,Ad,Georgia,Product 4,99,2,198,on-time,no,(3) ok
4/7/2017,Returning,Alabama,Product 5,399,8,3192,on-time,no,(3) ok
4/7/2017,Ad,Florida,Product 3,299,8,2392,on-time,no,(5) very high
4/7/2017,Ad,Alabama,Product 3,299,5,1495,delayed,yes,(1) very low
4/7/2017,Ad,Georgia,Product 4,99,6,594,on-time,no,(5) very high
4/7/2017,Ad,Alabama,Product 2,199,1,199,delayed,no,(3) ok
4/7/2017,Ad,Mississippi,Product 3,299,6,1794,on-time,no,(1) very low
4/7/2017,Organic,Georgia,Product 2,199,10,1990,delayed,no,(2) low
4/7/2017,Ad,Georgia,Product 4,99,5,495,on-time,no,(2) low
4/7/2017,Organic,North Carolina,Product 2,199,8,1592,on-time,no,(3) ok
4/7/2017,Ad,Florida,Product 4,99,9,891,delayed,no,(3) ok
4/7/2017,Organic,Tennessee,Product 4,99,3,297,on-time,no,(3) ok
4/7/2017,Returning,North Carolina,Product 3,299,9,2691,delayed,no,(4) high
4/7/2017,Organic,North Carolina,Product 2,199,7,1393,on-time,no,(3) ok
4/7/2017,Ad,Georgia,Product 4,99,6,594,on-time,no,(3) ok
4/8/2017,Returning,Georgia,Product 1,499,4,1996,on-time,no,(1) very low
4/8/2017,Returning,Georgia,Product 3,299,6,1794,delayed,no,(2) low
4/9/2017,Ad,Mississippi,Product 5,399,9,3591,delayed,no,(1) very low
4/9/2017,Ad,Mississippi,Product 4,99,6,594,delayed,no,(3) ok
4/9/2017,Ad,Tennessee,Product 1,499,1,499,on-time,no,(4) high
4/10/2017,Returning,Florida,Product 2,199,6,1194,on-time,no,(4) high
4/10/2017,Returning,Georgia,Product 4,99,2,198,on-time,no,(1) very low
4/10/2017,Organic,Mississippi,Product 4,99,8,792,on-time,yes,(3) ok
4/10/2017,Returning,Alabama,Product 2,199,4,796,delayed,no,(4) high
4/10/2017,Organic,Tennessee,Product 1,499,7,3493,on-time,no,(5) very high
4/11/2017,Organic,South Carolina,Product 5,399,5,1995,delayed,no,(3) ok
4/11/2017,Organic,North Carolina,Product 4,99,1,99,on-time,no,(1) very low
4/12/2017,Organic,Alabama,Product 2,199,2,398,on-time,yes,(4) high
4/12/2017,Returning,South Carolina,Product 1,499,10,4990,on-time,no,(3) ok
4/12/2017,Returning,Mississippi,Product 4,99,7,693,on-time,no,(3) ok
4/12/2017,Organic,Tennessee,Product 5,399,5,1995,on-time,no,(3) ok
4/13/2017,Organic,North Carolina,Product 2,199,4,796,on-time,no,(2) low
4/13/2017,Returning,Florida,Product 1,499,2,998,on-time,no,(3) ok
4/13/2017,Organic,South Carolina,Product 5,399,8,3192,delayed,no,(4) high
4/13/2017,Organic,Mississippi,Product 1,499,7,3493,on-time,no,(2) low
4/13/2017,Organic,South Carolina,Product 1,499,8,3992,on-time,no,(3) ok
4/13/2017,Organic,Mississippi,Product 2,199,2,398,on-time,yes,(3) ok
4/13/2017,Ad,Tennessee,Product 4,99,5,495,delayed,yes,(3) ok
4/13/2017,Organic,North Carolina,Product 2,199,9,1791,on-time,no,(4) high
4/13/2017,Organic,Georgia,Product 1,499,4,1996,on-time,no,(2) low
4/13/2017,Ad,Alabama,Product 4,99,1,99,on-time,no,(2) low
4/14/2017,Returning,South Carolina,Product 5,399,10,3990,on-time,no,(3) ok
4/14/2017,Ad,North Carolina,Product 5,399,7,2793,on-time,no,(3) ok
4/14/2017,Organic,Georgia,Product 1,499,1,499,on-time,no,(3) ok
4/15/2017,Organic,North Carolina,Product 1,499,7,3493,on-time,no,(4) high
4/15/2017,Returning,South Carolina,Product 4,99,9,891,on-time,no,(3) ok
4/16/2017,Organic,South Carolina,Product 4,99,2,198,delayed,no,(2) low
4/16/2017,Returning,Florida,Product 2,199,8,1592,on-time,no,(2) low
4/17/2017,Organic,Georgia,Product 5,399,8,3192,on-time,no,(1) very low
4/17/2017,Ad,Alabama,Product 1,499,4,1996,delayed,no,(1) very low
4/17/2017,Returning,Alabama,Product 4,99,3,297,delayed,yes,(2) low
4/17/2017,Ad,Mississippi,Product 3,299,4,1196,delayed,no,(3) ok
4/18/2017,Returning,Mississippi,Product 5,399,5,1995,on-time,no,(2) low
4/18/2017,Organic,Alabama,Product 1,499,2,998,delayed,no,(3) ok
4/18/2017,Ad,Georgia,Product 5,399,8,3192,delayed,no,(4) high
4/18/2017,Returning,Mississippi,Product 5,399,9,3591,delayed,no,(1) very low
4/18/2017,Ad,Alabama,Product 1,499,6,2994,on-time,no,(4) high
4/18/2017,Organic,South Carolina,Product 4,99,2,198,on-time,no,(3) ok
4/18/2017,Returning,Florida,Product 2,199,7,1393,delayed,no,(3) ok
4/18/2017,Returning,Georgia,Product 2,199,10,1990,on-time,no,(2) low
4/18/2017,Ad,Tennessee,Product 4,99,10,990,on-time,yes,(3) ok
4/18/2017,Returning,North Carolina,Product 1,499,4,1996,on-time,no,(3) ok
4/18/2017,Ad,Tennessee,Product 2,199,8,1592,on-time,no,(4) high
4/19/2017,Returning,Tennessee,Product 1,499,8,3992,delayed,no,(3) ok
4/19/2017,Returning,Georgia,Product 3,299,6,1794,on-time,no,(2) low
4/20/2017,Ad,Florida,Product 2,199,7,1393,on-time,no,(3) ok
4/20/2017,Organic,Florida,Product 3,299,2,598,on-time,no,(3) ok
4/20/2017,Organic,Mississippi,Product 1,499,1,499,on-time,no,(3) ok
4/20/2017,Ad,Mississippi,Product 5,399,4,1596,on-time,yes,(5) very high
4/20/2017,Returning,Mississippi,Product 1,499,10,4990,on-time,no,(3) ok
4/20/2017,Organic,Tennessee,Product 1,499,6,2994,on-time,no,(3) ok
4/21/2017,Returning,Georgia,Product 2,199,8,1592,on-time,no,(3) ok
4/21/2017,Returning,North Carolina,Product 3,299,2,598,on-time,no,(5) very high
4/21/2017,Organic,South Carolina,Product 5,399,2,798,on-time,no,(4) high
4/21/2017,Returning,Tennessee,Product 1,499,10,4990,delayed,no,(3) ok
4/21/2017,Ad,Florida,Product 5,399,9,3591,delayed,no,(1) very low
4/21/2017,Returning,Georgia,Product 4,99,10,990,delayed,no,(4) high
4/21/2017,Returning,Georgia,Product 2,199,2,398,on-time,no,(1) very low
4/21/2017,Returning,Alabama,Product 3,299,3,897,delayed,no,(2) low
4/21/2017,Organic,Tennessee,Product 5,399,3,1197,delayed,no,(3) ok
4/21/2017,Ad,Tennessee,Product 1,499,6,2994,delayed,no,(4) high
4/21/2017,Returning,Mississippi,Product 4,99,9,891,on-time,no,(3) ok
4/21/2017,Ad,Georgia,Product 3,299,4,1196,on-time,no,(4) high
4/21/2017,Ad,North Carolina,Product 1,499,8,3992,on-time,no,(3) ok
4/21/2017,Organic,Florida,Product 2,199,9,1791,on-time,no,(3) ok
4/21/2017,Organic,Florida,Product 5,399,1,399,on-time,no,(3) ok
4/22/2017,Organic,South Carolina,Product 5,399,3,1197,on-time,no,(4) high
4/22/2017,Ad,Georgia,Product 4,99,3,297,on-time,no,(3) ok
4/22/2017,Returning,Tennessee,Product 5,399,10,3990,on-time,no,(3) ok
4/23/2017,Returning,South Carolina,Product 5,399,9,3591,delayed,no,(3) ok
4/24/2017,Ad,Alabama,Product 5,399,7,2793,on-time,no,(4) high
4/24/2017,Organic,South Carolina,Product 5,399,9,3591,on-time,no,(5) very high
4/24/2017,Ad,Tennessee,Product 1,499,6,2994,on-time,no,(2) low
4/24/2017,Ad,North Carolina,Product 5,399,2,798,delayed,yes,(3) ok
4/24/2017,Returning,South Carolina,Product 3,299,7,2093,on-time,yes,(2) low
4/24/2017,Organic,Georgia,Product 2,199,3,597,on-time,no,(2) low
4/24/2017,Ad,Alabama,Product 4,99,6,594,on-time,no,(5) very high
4/24/2017,Organic,North Carolina,Product 1,499,7,3493,on-time,no,(3) ok
4/24/2017,Ad,Florida,Product 4,99,1,99,on-time,no,(3) ok
4/24/2017,Returning,Alabama,Product 2,199,4,796,delayed,no,(4) high
4/24/2017,Returning,South Carolina,Product 1,499,1,499,on-time,no,(3) ok
4/25/2017,Organic,Mississippi,Product 1,499,5,2495,on-time,no,(2) low
4/25/2017,Organic,Tennessee,Product 3,299,8,2392,delayed,no,(1) very low
4/25/2017,Organic,North Carolina,Product 5,399,3,1197,on-time,no,(2) low
4/26/2017,Ad,Mississippi,Product 1,499,8,3992,on-time,no,(4) high
4/26/2017,Organic,North Carolina,Product 1,499,4,1996,delayed,no,(4) high
4/26/2017,Organic,Mississippi,Product 5,399,8,3192,on-time,no,(3) ok
4/26/2017,Returning,Mississippi,Product 1,499,8,3992,delayed,no,(1) very low
4/26/2017,Returning,North Carolina,Product 5,399,8,3192,on-time,no,(3) ok
4/26/2017,Returning,Georgia,Product 2,199,4,796,delayed,no,(5) very high
4/26/2017,Returning,North Carolina,Product 1,499,9,4491,delayed,yes,(5) very high
4/27/2017,Ad,Tennessee,Product 4,99,7,693,delayed,no,(3) ok
4/27/2017,Organic,Alabama,Product 2,199,8,1592,on-time,no,(3) ok
4/27/2017,Organic,South Carolina,Product 3,299,3,897,on-time,no,(2) low
4/27/2017,Organic,Florida,Product 1,499,1,499,on-time,no,(3) ok
4/27/2017,Organic,North Carolina,Product 1,499,1,499,delayed,no,(2) low
4/27/2017,Ad,Florida,Product 3,299,9,2691,on-time,no,(5) very high
4/27/2017,Returning,Florida,Product 5,399,1,399,on-time,no,(4) high
4/27/2017,Returning,Georgia,Product 4,99,3,297,on-time,no,(4) high
4/27/2017,Ad,Florida,Product 5,399,8,3192,on-time,yes,(3) ok
4/27/2017,Ad,Georgia,Product 3,299,8,2392,on-time,no,(3) ok
4/27/2017,Organic,Mississippi,Product 2,199,7,1393,on-time,no,(2) low
4/28/2017,Ad,Mississippi,Product 2,199,3,597,on-time,no,(2) low
4/29/2017,Ad,Mississippi,Product 3,299,7,2093,on-time,no,(2) low
4/29/2017,Ad,South Carolina,Product 2,199,6,1194,on-time,no,(1) very low
4/29/2017,Returning,North Carolina,Product 1,499,9,4491,on-time,no,(2) low
4/29/2017,Ad,Mississippi,Product 3,299,1,299,on-time,yes,(3) ok
4/29/2017,Ad,Tennessee,Product 5,399,7,2793,on-time,no,(3) ok
4/29/2017,Organic,Mississippi,Product 5,399,1,399,delayed,no,(3) ok
4/29/2017,Returning,Georgia,Product 1,499,7,3493,delayed,no,(1) very low
4/29/2017,Returning,South Carolina,Product 4,99,5,495,on-time,no,(3) ok
4/30/2017,Ad,Mississippi,Product 5,399,8,3192,on-time,no,(3) ok
4/30/2017,Ad,North Carolina,Product 2,199,3,597,delayed,no,(3) ok
4/30/2017,Organic,Tennessee,Product 2,199,10,1990,on-time,no,(2) low
4/30/2017,Returning,North Carolina,Product 4,99,6,594,on-time,no,(3) ok
4/30/2017,Ad,Tennessee,Product 5,399,8,3192,delayed,no,(3) ok
4/30/2017,Organic,South Carolina,Product 4,99,10,990,on-time,no,(3) ok
4/30/2017,Organic,Tennessee,Product 4,99,7,693,delayed,no,(2) low
4/30/2017,Returning,Alabama,Product 4,99,1,99,on-time,no,(2) low
4/30/2017,Returning,South Carolina,Product 3,299,6,1794,delayed,no,(3) ok
5/1/2017,Organic,South Carolina,Product 1,499,1,499,on-time,no,(3) ok
5/1/2017,Returning,South Carolina,Product 3,299,7,2093,on-time,no,(3) ok
5/1/2017,Organic,North Carolina,Product 4,99,1,99,on-time,no,(4) high
5/1/2017,Returning,Florida,Product 5,399,2,798,on-time,no,(4) high
5/2/2017,Returning,Florida,Product 2,199,6,1194,on-time,no,(2) low
5/2/2017,Organic,Alabama,Product 4,99,9,891,on-time,no,(3) ok
5/2/2017,Organic,South Carolina,Product 3,299,3,897,delayed,no,(4) high
5/2/2017,Ad,Mississippi,Product 2,199,5,995,on-time,no,(2) low
5/2/2017,Organic,South Carolina,Product 3,299,3,897,on-time,no,(2) low
5/2/2017,Organic,Alabama,Product 2,199,2,398,on-time,no,(3) ok
5/2/2017,Returning,Mississippi,Product 3,299,8,2392,delayed,no,(4) high
5/2/2017,Ad,Tennessee,Product 3,299,3,897,on-time,no,(1) very low
5/2/2017,Ad,Georgia,Product 5,399,2,798,delayed,no,(5) very high
5/3/2017,Ad,Florida,Product 1,499,5,2495,on-time,no,(3) ok
5/3/2017,Returning,Florida,Product 3,299,4,1196,delayed,no,(3) ok
5/3/2017,Organic,Florida,Product 4,99,6,594,on-time,no,(4) high
5/3/2017,Ad,North Carolina,Product 2,199,2,398,delayed,no,(4) high
5/3/2017,Returning,Tennessee,Product 3,299,7,2093,on-time,no,(3) ok
5/3/2017,Organic,South Carolina,Product 3,299,10,2990,delayed,no,(3) ok
5/3/2017,Ad,South Carolina,Product 4,99,2,198,on-time,no,(4) high
5/3/2017,Organic,Tennessee,Product 4,99,2,198,delayed,no,(2) low
5/3/2017,Organic,Florida,Product 3,299,7,2093,on-time,no,(5) very high
5/4/2017,Organic,North Carolina,Product 4,99,5,495,on-time,no,(3) ok
5/4/2017,Returning,South Carolina,Product 5,399,1,399,delayed,no,(4) high
5/4/2017,Organic,South Carolina,Product 2,199,10,1990,on-time,yes,(4) high
5/4/2017,Organic,Florida,Product 4,99,5,495,on-time,yes,(3) ok
5/4/2017,Organic,Mississippi,Product 5,399,9,3591,delayed,no,(5) very high
5/4/2017,Organic,Georgia,Product 1,499,3,1497,delayed,no,(2) low
5/4/2017,Organic,Mississippi,Product 1,499,6,2994,on-time,no,(5) very high
5/4/2017,Ad,Alabama,Product 4,99,10,990,on-time,no,(4) high
5/4/2017,Returning,Alabama,Product 2,199,10,1990,on-time,no,(4) high
5/4/2017,Ad,South Carolina,Product 2,199,5,995,delayed,no,(2) low
5/5/2017,Ad,Tennessee,Product 5,399,9,3591,on-time,no,(2) low
5/6/2017,Organic,Mississippi,Product 1,499,10,4990,on-time,no,(2) low
5/6/2017,Ad,Georgia,Product 1,499,7,3493,on-time,no,(3) ok
5/6/2017,Ad,Alabama,Product 3,299,7,2093,on-time,no,(3) ok
5/6/2017,Returning,South Carolina,Product 1,499,9,4491,on-time,no,(4) high
5/6/2017,Returning,Florida,Product 2,199,4,796,on-time,no,(5) very high
5/7/2017,Organic,Georgia,Product 5,399,1,399,delayed,no,(2) low
5/7/2017,Returning,Tennessee,Product 5,399,8,3192,delayed,no,(3) ok
5/7/2017,Organic,North Carolina,Product 3,299,3,897,on-time,no,(3) ok
5/7/2017,Organic,South Carolina,Product 5,399,2,798,on-time,yes,(3) ok
5/7/2017,Organic,Mississippi,Product 1,499,8,3992,delayed,yes,(4) high
5/7/2017,Organic,Tennessee,Product 2,199,8,1592,on-time,no,(4) high
5/8/2017,Ad,Tennessee,Product 1,499,1,499,on-time,no,(3) ok
5/9/2017,Organic,Georgia,Product 2,199,2,398,on-time,no,(4) high
5/9/2017,Ad,Tennessee,Product 3,299,10,2990,on-time,no,(3) ok
5/9/2017,Returning,North Carolina,Product 1,499,4,1996,on-time,no,(4) high
5/9/2017,Organic,South Carolina,Product 1,499,3,1497,on-time,yes,(3) ok
5/10/2017,Ad,Florida,Product 2,199,5,995,on-time,no,(4) high
5/10/2017,Organic,Tennessee,Product 2,199,4,796,delayed,no,(4) high
5/10/2017,Returning,Alabama,Product 5,399,7,2793,on-time,no,(4) high
5/11/2017,Organic,North Carolina,Product 2,199,7,1393,on-time,no,(4) high
5/11/2017,Organic,Florida,Product 1,499,8,3992,delayed,no,(2) low
5/11/2017,Organic,South Carolina,Product 2,199,10,1990,on-time,no,(2) low
5/11/2017,Ad,Alabama,Product 1,499,5,2495,on-time,no,(3) ok
5/11/2017,Organic,Tennessee,Product 1,499,2,998,on-time,no,(5) very high
5/12/2017,Ad,Georgia,Product 4,99,1,99,on-time,no,(3) ok
5/13/2017,Organic,North Carolina,Product 5,399,7,2793,on-time,no,(2) low
5/13/2017,Returning,Tennessee,Product 3,299,8,2392,delayed,no,(2) low
5/13/2017,Organic,North Carolina,Product 1,499,8,3992,delayed,no,(3) ok
5/13/2017,Ad,North Carolina,Product 5,399,3,1197,on-time,no,(1) very low
5/13/2017,Returning,Tennessee,Product 4,99,3,297,on-time,no,(3) ok
5/13/2017,Returning,South Carolina,Product 2,199,4,796,delayed,no,(3) ok
5/13/2017,Returning,Florida,Product 4,99,3,297,on-time,no,(4) high
5/13/2017,Organic,Florida,Product 1,499,2,998,on-time,no,(3) ok
5/14/2017,Organic,South Carolina,Product 1,499,9,4491,on-time,no,(5) very high
5/14/2017,Returning,South Carolina,Product 2,199,2,398,on-time,no,(4) high
5/14/2017,Returning,South Carolina,Product 4,99,7,693,delayed,no,(2) low
5/14/2017,Organic,Florida,Product 1,499,9,4491,on-time,no,(5) very high
5/14/2017,Ad,Tennessee,Product 1,499,3,1497,on-time,yes,(3) ok
5/14/2017,Ad,Alabama,Product 4,99,2,198,on-time,no,(3) ok
5/14/2017,Organic,South Carolina,Product 1,499,8,3992,delayed,no,(3) ok
5/14/2017,Returning,Mississippi,Product 5,399,2,798,on-time,yes,(2) low
5/15/2017,Ad,Georgia,Product 2,199,4,796,on-time,no,(3) ok
5/15/2017,Ad,Florida,Product 3,299,3,897,on-time,yes,(2) low
5/15/2017,Ad,Florida,Product 1,499,6,2994,on-time,no,(5) very high
5/15/2017,Returning,Tennessee,Product 4,99,10,990,delayed,no,(3) ok
5/15/2017,Organic,Georgia,Product 2,199,1,199,delayed,yes,(3) ok
5/15/2017,Returning,Alabama,Product 5,399,3,1197,on-time,no,(2) low
5/16/2017,Returning,Mississippi,Product 4,99,9,891,delayed,no,(1) very low
5/16/2017,Organic,South Carolina,Product 3,299,3,897,delayed,yes,(4) high
5/16/2017,Organic,Florida,Product 4,99,3,297,on-time,no,(4) high
5/16/2017,Organic,Florida,Product 3,299,2,598,on-time,no,(2) low
5/17/2017,Ad,Florida,Product 5,399,8,3192,on-time,no,(2) low
5/18/2017,Returning,Florida,Product 1,499,8,3992,on-time,no,(1) very low
5/18/2017,Organic,Mississippi,Product 5,399,10,3990,on-time,no,(1) very low
5/19/2017,Organic,Florida,Product 4,99,9,891,on-time,no,(3) ok
5/20/2017,Ad,Florida,Product 4,99,10,990,delayed,no,(1) very low
5/20/2017,Ad,Mississippi,Product 5,399,6,2394,on-time,no,(4) high
5/21/2017,Organic,Florida,Product 4,99,10,990,on-time,no,(3) ok
5/21/2017,Returning,South Carolina,Product 3,299,3,897,delayed,no,(3) ok
5/21/2017,Ad,Alabama,Product 1,499,5,2495,delayed,no,(4) high
5/22/2017,Ad,Alabama,Product 3,299,6,1794,delayed,no,(3) ok
5/22/2017,Organic,Alabama,Product 1,499,2,998,on-time,no,(4) high
5/23/2017,Returning,North Carolina,Product 4,99,3,297,on-time,yes,(2) low
5/24/2017,Ad,Mississippi,Product 2,199,2,398,on-time,no,(2) low
5/24/2017,Organic,South Carolina,Product 2,199,5,995,delayed,no,(1) very low
5/24/2017,Returning,Georgia,Product 1,499,6,2994,on-time,no,(3) ok
5/24/2017,Organic,Tennessee,Product 3,299,7,2093,on-time,no,(2) low
5/24/2017,Ad,Alabama,Product 1,499,10,4990,on-time,no,(3) ok
5/24/2017,Organic,Florida,Product 2,199,5,995,on-time,no,(3) ok
5/24/2017,Organic,Florida,Product 5,399,1,399,on-time,no,(4) high
5/25/2017,Organic,North Carolina,Product 1,499,6,2994,delayed,no,(4) high
5/25/2017,Ad,Mississippi,Product 4,99,8,792,delayed,yes,(3) ok
5/25/2017,Ad,Georgia,Product 2,199,3,597,delayed,yes,(2) low
5/26/2017,Returning,North Carolina,Product 3,299,5,1495,on-time,no,(2) low
5/26/2017,Returning,Alabama,Product 1,499,8,3992,on-time,no,(4) high
5/26/2017,Organic,Tennessee,Product 1,499,5,2495,on-time,no,(3) ok
5/26/2017,Returning,South Carolina,Product 3,299,8,2392,delayed,no,(1) very low
5/26/2017,Returning,Georgia,Product 5,399,7,2793,on-time,no,(3) ok
5/26/2017,Returning,Tennessee,Product 5,399,2,798,on-time,no,(1) very low
5/26/2017,Ad,Tennessee,Product 2,199,1,199,on-time,no,(3) ok
5/26/2017,Organic,Florida,Product 5,399,1,399,delayed,no,(2) low
5/26/2017,Returning,North Carolina,Product 1,499,8,3992,delayed,no,(4) high
5/26/2017,Organic,Florida,Product 3,299,8,2392,on-time,yes,(5) very high
5/26/2017,Returning,Florida,Product 2,199,3,597,on-time,no,(3) ok
5/26/2017,Organic,Alabama,Product 3,299,9,2691,on-time,no,(2) low
5/26/2017,Organic,Mississippi,Product 2,199,5,995,delayed,no,(4) high
5/27/2017,Ad,Florida,Product 4,99,3,297,delayed,no,(1) very low
5/28/2017,Returning,North Carolina,Product 1,499,2,998,on-time,no,(5) very high
5/28/2017,Ad,Georgia,Product 2,199,2,398,on-time,no,(3) ok
5/28/2017,Organic,Alabama,Product 2,199,8,1592,on-time,no,(4) high
5/28/2017,Returning,Alabama,Product 4,99,8,792,delayed,no,(3) ok
5/28/2017,Organic,Georgia,Product 5,399,7,2793,on-time,no,(2) low
5/28/2017,Organic,Tennessee,Product 3,299,9,2691,on-time,no,(3) ok
5/28/2017,Ad,Florida,Product 1,499,6,2994,on-time,yes,(3) ok
5/28/2017,Returning,Tennessee,Product 3,299,2,598,on-time,no,(2) low
5/28/2017,Ad,Florida,Product 4,99,6,594,on-time,no,(4) high
5/28/2017,Ad,Florida,Product 1,499,9,4491,on-time,no,(2) low
5/28/2017,Returning,Mississippi,Product 5,399,8,3192,delayed,no,(4) high
5/28/2017,Returning,South Carolina,Product 1,499,3,1497,on-time,no,(3) ok
5/29/2017,Returning,South Carolina,Product 2,199,8,1592,delayed,no,(5) very high
5/29/2017,Returning,Georgia,Product 5,399,1,399,delayed,no,(2) low
5/29/2017,Returning,Tennessee,Product 4,99,3,297,on-time,no,(5) very high
5/30/2017,Organic,Alabama,Product 3,299,10,2990,on-time,no,(3) ok
5/30/2017,Organic,Mississippi,Product 1,499,3,1497,on-time,no,(3) ok
5/30/2017,Returning,Tennessee,Product 1,499,4,1996,on-time,no,(3) ok
5/30/2017,Returning,South Carolina,Product 4,99,10,990,on-time,no,(5) very high
5/30/2017,Ad,South Carolina,Product 5,399,4,1596,on-time,no,(5) very high
5/30/2017,Returning,Georgia,Product 5,399,10,3990,delayed,no,(3) ok
5/30/2017,Returning,Alabama,Product 4,99,7,693,delayed,no,(4) high
5/30/2017,Returning,Florida,Product 3,299,9,2691,on-time,no,(3) ok
5/30/2017,Ad,Mississippi,Product 2,199,2,398,delayed,no,(3) ok
5/30/2017,Ad,South Carolina,Product 3,299,7,2093,on-time,no,(5) very high
5/30/2017,Organic,North Carolina,Product 4,99,9,891,on-time,no,(5) very high
5/30/2017,Organic,Tennessee,Product 3,299,7,2093,delayed,no,(3) ok
5/30/2017,Returning,Alabama,Product 4,99,3,297,on-time,no,(2) low
5/30/2017,Ad,North Carolina,Product 3,299,4,1196,on-time,no,(4) high
5/30/2017,Organic,Georgia,Product 2,199,10,1990,delayed,yes,(4) high
5/30/2017,Ad,Georgia,Product 3,299,5,1495,delayed,no,(3) ok
5/30/2017,Ad,Alabama,Product 5,399,8,3192,on-time,no,(4) high
5/30/2017,Ad,Tennessee,Product 3,299,10,2990,delayed,no,(4) high
5/30/2017,Organic,Tennessee,Product 2,199,8,1592,delayed,no,(3) ok
5/30/2017,Ad,Mississippi,Product 4,99,1,99,on-time,no,(4) high
5/30/2017,Ad,Florida,Product 1,499,4,1996,delayed,no,(4) high
5/30/2017,Returning,Florida,Product 4,99,4,396,on-time,no,(3) ok
5/30/2017,Organic,North Carolina,Product 5,399,2,798,on-time,no,(2) low
5/30/2017,Organic,South Carolina,Product 1,499,5,2495,delayed,no,(3) ok
5/31/2017,Organic,Georgia,Product 3,299,1,299,on-time,no,(3) ok
5/31/2017,Returning,Florida,Product 5,399,5,1995,delayed,no,(2) low
6/1/2017,Returning,Mississippi,Product 5,399,2,798,delayed,no,(3) ok
6/1/2017,Organic,Tennessee,Product 3,299,5,1495,on-time,no,(2) low
6/1/2017,Ad,Florida,Product 5,399,8,3192,on-time,no,(4) high
6/2/2017,Returning,Georgia,Product 3,299,2,598,delayed,no,(2) low
6/2/2017,Organic,North Carolina,Product 4,99,6,594,delayed,no,(3) ok
6/3/2017,Returning,Alabama,Product 2,199,1,199,on-time,no,(1) very low
6/3/2017,Organic,Tennessee,Product 3,299,5,1495,on-time,yes,(3) ok
6/3/2017,Returning,Georgia,Product 2,199,4,796,on-time,no,(3) ok
6/3/2017,Ad,North Carolina,Product 1,499,4,1996,on-time,no,(3) ok
6/3/2017,Returning,Tennessee,Product 3,299,1,299,on-time,no,(3) ok
6/3/2017,Returning,Tennessee,Product 1,499,9,4491,on-time,no,(3) ok
6/3/2017,Ad,Georgia,Product 2,199,10,1990,on-time,no,(4) high
6/3/2017,Ad,Florida,Product 1,499,5,2495,delayed,no,(4) high
6/4/2017,Organic,Georgia,Product 4,99,5,495,delayed,no,(2) low
6/5/2017,Returning,North Carolina,Product 1,499,1,499,on-time,no,(1) very low
6/5/2017,Returning,Mississippi,Product 4,99,9,891,on-time,no,(2) low
6/5/2017,Returning,Georgia,Product 4,99,8,792,on-time,yes,(2) low
6/5/2017,Organic,Mississippi,Product 3,299,2,598,on-time,no,(3) ok
6/5/2017,Organic,Georgia,Product 1,499,9,4491,on-time,no,(4) high
6/5/2017,Ad,Mississippi,Product 3,299,10,2990,delayed,no,(1) very low
6/5/2017,Organic,Mississippi,Product 2,199,1,199,on-time,no,(4) high
6/6/2017,Organic,North Carolina,Product 3,299,1,299,on-time,no,(5) very high
6/6/2017,Ad,Georgia,Product 3,299,2,598,on-time,no,(2) low
6/6/2017,Organic,Tennessee,Product 3,299,3,897,on-time,no,(4) high
6/6/2017,Organic,Mississippi,Product 3,299,4,1196,on-time,no,(2) low
6/6/2017,Organic,Florida,Product 5,399,10,3990,delayed,no,(5) very high
6/6/2017,Returning,Florida,Product 1,499,10,4990,on-time,no,(3) ok
6/6/2017,Returning,Georgia,Product 1,499,6,2994,on-time,no,(3) ok
6/7/2017,Organic,South Carolina,Product 3,299,6,1794,on-time,no,(5) very high
6/8/2017,Organic,North Carolina,Product 4,99,9,891,on-time,yes,(5) very high
6/9/2017,Organic,Mississippi,Product 5,399,1,399,on-time,no,(3) ok
6/9/2017,Organic,South Carolina,Product 1,499,9,4491,on-time,no,(3) ok
6/9/2017,Returning,South Carolina,Product 2,199,6,1194,on-time,no,(3) ok
6/9/2017,Ad,North Carolina,Product 1,499,8,3992,delayed,no,(3) ok
6/9/2017,Ad,Tennessee,Product 1,499,4,1996,delayed,no,(3) ok
6/9/2017,Returning,Mississippi,Product 3,299,10,2990,on-time,no,(3) ok
6/9/2017,Ad,Tennessee,Product 5,399,3,1197,on-time,no,(3) ok
6/9/2017,Organic,Alabama,Product 5,399,4,1596,on-time,no,(1) very low
6/9/2017,Ad,North Carolina,Product 4,99,9,891,on-time,no,(1) very low
6/9/2017,Returning,South Carolina,Product 2,199,9,1791,delayed,no,(1) very low
6/9/2017,Organic,Georgia,Product 2,199,6,1194,delayed,no,(4) high
6/9/2017,Returning,Florida,Product 1,499,8,3992,on-time,no,(1) very low
6/9/2017,Organic,South Carolina,Product 4,99,5,495,on-time,no,(3) ok
6/9/2017,Ad,Florida,Product 4,99,4,396,delayed,no,(5) very high
6/9/2017,Returning,Tennessee,Product 5,399,4,1596,on-time,yes,(3) ok
6/9/2017,Returning,Alabama,Product 5,399,7,2793,on-time,no,(5) very high
6/9/2017,Returning,North Carolina,Product 1,499,10,4990,on-time,no,(2) low
6/9/2017,Organic,South Carolina,Product 4,99,6,594,on-time,no,(3) ok
6/9/2017,Returning,Alabama,Product 2,199,6,1194,on-time,no,(4) high
6/9/2017,Organic,Alabama,Product 2,199,2,398,delayed,no,(2) low
6/10/2017,Ad,North Carolina,Product 5,399,5,1995,on-time,no,(5) very high
6/10/2017,Ad,North Carolina,Product 2,199,1,199,on-time,no,(2) low
6/10/2017,Ad,Alabama,Product 3,299,2,598,on-time,no,(2) low
6/10/2017,Returning,Georgia,Product 2,199,1,199,on-time,no,(3) ok
6/10/2017,Returning,North Carolina,Product 2,199,7,1393,delayed,no,(5) very high
6/10/2017,Organic,Georgia,Product 3,299,1,299,delayed,no,(3) ok
6/10/2017,Organic,North Carolina,Product 5,399,10,3990,on-time,no,(2) low
6/11/2017,Organic,Tennessee,Product 1,499,4,1996,delayed,no,(4) high
6/11/2017,Returning,Alabama,Product 2,199,5,995,on-time,no,(4) high
6/11/2017,Returning,Georgia,Product 2,199,4,796,on-time,no,(4) high
6/12/2017,Returning,South Carolina,Product 2,199,9,1791,on-time,no,(2) low
6/12/2017,Organic,Georgia,Product 2,199,9,1791,delayed,no,(2) low
6/12/2017,Organic,Georgia,Product 4,99,10,990,delayed,no,(5) very high
6/12/2017,Ad,Mississippi,Product 5,399,8,3192,delayed,no,(3) ok
6/12/2017,Ad,Georgia,Product 4,99,9,891,delayed,no,(4) high
6/12/2017,Organic,Tennessee,Product 2,199,5,995,delayed,no,(3) ok
6/12/2017,Ad,Mississippi,Product 4,99,10,990,delayed,yes,(4) high
6/13/2017,Returning,Tennessee,Product 1,499,4,1996,on-time,no,(3) ok
6/13/2017,Organic,South Carolina,Product 2,199,9,1791,on-time,no,(3) ok
6/13/2017,Ad,Tennessee,Product 1,499,2,998,delayed,no,(5) very high
6/13/2017,Returning,South Carolina,Product 2,199,4,796,delayed,no,(5) very high
6/13/2017,Returning,Georgia,Product 1,499,10,4990,delayed,no,(4) high
6/13/2017,Ad,Georgia,Product 1,499,7,3493,on-time,no,(3) ok
6/13/2017,Ad,Mississippi,Product 4,99,9,891,on-time,no,(3) ok
6/13/2017,Returning,Florida,Product 3,299,1,299,on-time,no,(4) high
6/13/2017,Returning,Alabama,Product 5,399,5,1995,delayed,yes,(1) very low
6/13/2017,Returning,Florida,Product 5,399,2,798,delayed,no,(3) ok
6/13/2017,Ad,Mississippi,Product 5,399,4,1596,on-time,no,(3) ok
6/13/2017,Ad,Mississippi,Product 3,299,10,2990,on-time,yes,(4) high
6/13/2017,Returning,Florida,Product 3,299,8,2392,on-time,no,(4) high
6/13/2017,Returning,Florida,Product 5,399,5,1995,on-time,no,(4) high
6/14/2017,Organic,Georgia,Product 1,499,7,3493,on-time,yes,(4) high
6/14/2017,Organic,Florida,Product 1,499,1,499,delayed,no,(3) ok
6/14/2017,Returning,Tennessee,Product 5,399,8,3192,on-time,no,(2) low
6/14/2017,Returning,Mississippi,Product 2,199,3,597,on-time,no,(1) very low
6/14/2017,Returning,Mississippi,Product 1,499,7,3493,on-time,yes,(4) high
6/14/2017,Returning,Florida,Product 3,299,1,299,delayed,no,(2) low
6/14/2017,Ad,South Carolina,Product 2,199,4,796,delayed,no,(2) low
6/14/2017,Returning,South Carolina,Product 4,99,6,594,on-time,no,(3) ok
6/14/2017,Organic,South Carolina,Product 5,399,3,1197,on-time,no,(4) high
6/14/2017,Ad,Georgia,Product 4,99,1,99,on-time,no,(3) ok
6/14/2017,Organic,Tennessee,Product 3,299,6,1794,delayed,no,(4) high
6/14/2017,Organic,North Carolina,Product 3,299,3,897,on-time,no,(5) very high
6/14/2017,Ad,North Carolina,Product 4,99,3,297,on-time,no,(2) low
6/14/2017,Returning,Florida,Product 4,99,10,990,on-time,no,(4) high
6/14/2017,Ad,South Carolina,Product 4,99,3,297,on-time,no,(4) high
6/14/2017,Returning,Georgia,Product 4,99,3,297,on-time,no,(3) ok
6/14/2017,Returning,Mississippi,Product 3,299,8,2392,on-time,no,(4) high
6/14/2017,Organic,North Carolina,Product 3,299,6,1794,on-time,yes,(3) ok
6/14/2017,Ad,North Carolina,Product 4,99,3,297,on-time,no,(3) ok
6/14/2017,Returning,Alabama,Product 1,499,5,2495,delayed,no,(1) very low
6/14/2017,Organic,Florida,Product 2,199,6,1194,delayed,no,(4) high
6/14/2017,Returning,South Carolina,Product 1,499,9,4491,delayed,no,(3) ok
6/14/2017,Organic,Mississippi,Product 5,399,6,2394,on-time,no,(3) ok
6/14/2017,Ad,Georgia,Product 1,499,8,3992,on-time,no,(3) ok
6/14/2017,Returning,Florida,Product 5,399,5,1995,on-time,no,(4) high
6/14/2017,Ad,Tennessee,Product 4,99,7,693,delayed,no,(3) ok
6/14/2017,Ad,Florida,Product 5,399,10,3990,on-time,no,(1) very low
6/15/2017,Ad,Alabama,Product 2,199,1,199,delayed,yes,(4) high
6/15/2017,Organic,Tennessee,Product 4,99,6,594,delayed,yes,(2) low
6/15/2017,Returning,Florida,Product 2,199,10,1990,delayed,no,(4) high
6/15/2017,Returning,Florida,Product 1,499,5,2495,on-time,no,(4) high
6/15/2017,Ad,Florida,Product 1,499,4,1996,delayed,no,(3) ok
6/15/2017,Returning,Florida,Product 4,99,7,693,on-time,no,(3) ok
6/15/2017,Returning,North Carolina,Product 4,99,7,693,on-time,no,(3) ok
6/15/2017,Ad,Tennessee,Product 3,299,9,2691,on-time,no,(2) low
6/15/2017,Ad,South Carolina,Product 2,199,5,995,delayed,no,(3) ok
6/16/2017,Organic,Mississippi,Product 3,299,8,2392,on-time,no,(1) very low
6/16/2017,Returning,North Carolina,Product 1,499,6,2994,delayed,no,(3) ok
6/16/2017,Returning,Alabama,Product 5,399,3,1197,on-time,no,(4) high
6/16/2017,Organic,North Carolina,Product 5,399,3,1197,delayed,no,(3) ok
6/16/2017,Organic,South Carolina,Product 4,99,7,693,delayed,yes,(3) ok
6/17/2017,Organic,North Carolina,Product 3,299,8,2392,delayed,no,(3) ok
6/17/2017,Returning,Florida,Product 3,299,4,1196,on-time,no,(4) high
6/17/2017,Ad,Mississippi,Product 1,499,7,3493,delayed,no,(2) low
6/18/2017,Returning,North Carolina,Product 5,399,3,1197,delayed,no,(3) ok
6/18/2017,Organic,Tennessee,Product 1,499,10,4990,delayed,no,(5) very high
6/18/2017,Ad,Mississippi,Product 2,199,3,597,delayed,no,(4) high
6/18/2017,Returning,South Carolina,Product 5,399,7,2793,delayed,no,(4) high
6/18/2017,Returning,Alabama,Product 3,299,6,1794,delayed,yes,(4) high
6/18/2017,Ad,Mississippi,Product 4,99,2,198,on-time,no,(3) ok
6/18/2017,Returning,Tennessee,Product 1,499,7,3493,on-time,no,(3) ok
6/19/2017,Organic,Tennessee,Product 2,199,2,398,on-time,no,(1) very low
6/19/2017,Returning,Tennessee,Product 1,499,4,1996,on-time,no,(3) ok
6/19/2017,Ad,North Carolina,Product 2,199,4,796,delayed,no,(2) low
6/20/2017,Ad,Mississippi,Product 2,199,7,1393,delayed,no,(5) very high
6/21/2017,Organic,South Carolina,Product 2,199,10,1990,on-time,no,(2) low
6/21/2017,Returning,Tennessee,Product 1,499,7,3493,delayed,no,(1) very low
6/21/2017,Returning,North Carolina,Product 2,199,3,597,on-time,no,(4) high
6/22/2017,Returning,North Carolina,Product 5,399,10,3990,on-time,no,(5) very high
6/23/2017,Returning,South Carolina,Product 1,499,10,4990,delayed,no,(4) high
6/24/2017,Organic,North Carolina,Product 2,199,4,796,on-time,yes,(3) ok
6/24/2017,Organic,South Carolina,Product 2,199,10,1990,on-time,no,(2) low
6/24/2017,Returning,Mississippi,Product 4,99,7,693,delayed,no,(4) high
6/24/2017,Organic,Georgia,Product 3,299,3,897,delayed,no,(2) low
6/24/2017,Organic,Georgia,Product 5,399,3,1197,delayed,no,(5) very high
6/24/2017,Returning,Alabama,Product 3,299,3,897,on-time,no,(3) ok
6/24/2017,Organic,North Carolina,Product 5,399,6,2394,on-time,no,(2) low
6/25/2017,Organic,Georgia,Product 3,299,6,1794,delayed,no,(1) very low
6/25/2017,Ad,South Carolina,Product 5,399,4,1596,on-time,no,(3) ok
6/25/2017,Ad,Georgia,Product 5,399,1,399,on-time,no,(4) high
6/26/2017,Ad,South Carolina,Product 2,199,6,1194,on-time,no,(2) low
6/26/2017,Ad,Mississippi,Product 3,299,9,2691,on-time,no,(4) high
6/27/2017,Ad,Alabama,Product 2,199,6,1194,on-time,no,(2) low
6/27/2017,Organic,Florida,Product 4,99,4,396,on-time,no,(4) high
6/27/2017,Ad,Mississippi,Product 2,199,7,1393,delayed,no,(3) ok
6/27/2017,Organic,Florida,Product 1,499,1,499,on-time,no,(3) ok
6/27/2017,Ad,Florida,Product 1,499,8,3992,on-time,no,(2) low
6/27/2017,Returning,Mississippi,Product 4,99,10,990,on-time,no,(3) ok
6/27/2017,Ad,Mississippi,Product 3,299,8,2392,on-time,yes,(4) high
6/27/2017,Ad,North Carolina,Product 3,299,1,299,on-time,no,(3) ok
6/27/2017,Organic,Georgia,Product 2,199,9,1791,delayed,no,(4) high
6/27/2017,Returning,Tennessee,Product 1,499,9,4491,delayed,no,(2) low
6/28/2017,Returning,Tennessee,Product 3,299,6,1794,delayed,no,(2) low
6/29/2017,Organic,Mississippi,Product 5,399,8,3192,on-time,no,(3) ok
6/29/2017,Returning,Georgia,Product 5,399,8,3192,on-time,no,(2) low
6/29/2017,Organic,Mississippi,Product 5,399,9,3591,on-time,no,(3) ok
6/30/2017,Ad,Georgia,Product 4,99,3,297,on-time,yes,(3) ok
7/1/2017,Ad,North Carolina,Product 1,499,1,499,on-time,no,(2) low
7/2/2017,Returning,South Carolina,Product 1,499,4,1996,on-time,no,(2) low
7/2/2017,Returning,North Carolina,Product 1,499,10,4990,on-time,no,(3) ok
7/2/2017,Returning,North Carolina,Product 3,299,6,1794,delayed,no,(4) high
7/2/2017,Organic,Mississippi,Product 1,499,10,4990,on-time,no,(5) very high
7/2/2017,Ad,Tennessee,Product 5,399,6,2394,delayed,no,(1) very low
7/2/2017,Returning,Tennessee,Product 4,99,10,990,delayed,no,(5) very high
7/2/2017,Organic,Florida,Product 5,399,4,1596,delayed,no,(4) high
7/3/2017,Organic,South Carolina,Product 1,499,2,998,on-time,no,(3) ok
7/3/2017,Organic,Alabama,Product 1,499,3,1497,on-time,no,(3) ok
7/3/2017,Returning,Tennessee,Product 4,99,9,891,delayed,no,(3) ok
7/3/2017,Organic,Mississippi,Product 5,399,8,3192,delayed,yes,(5) very high
7/3/2017,Ad,Alabama,Product 2,199,8,1592,delayed,no,(2) low
7/4/2017,Organic,North Carolina,Product 1,499,5,2495,on-time,no,(3) ok
7/4/2017,Ad,Florida,Product 1,499,6,2994,on-time,no,(2) low
7/4/2017,Organic,South Carolina,Product 3,299,5,1495,delayed,yes,(3) ok
7/4/2017,Organic,Florida,Product 2,199,6,1194,delayed,no,(3) ok
7/4/2017,Organic,South Carolina,Product 4,99,10,990,on-time,no,(5) very high
7/4/2017,Returning,South Carolina,Product 2,199,10,1990,on-time,no,(3) ok
7/4/2017,Ad,Alabama,Product 5,399,5,1995,on-time,no,(3) ok
7/4/2017,Ad,South Carolina,Product 2,199,6,1194,on-time,no,(3) ok
7/4/2017,Ad,Alabama,Product 5,399,8,3192,on-time,no,(2) low
7/5/2017,Returning,Mississippi,Product 5,399,10,3990,on-time,yes,(3) ok
7/6/2017,Returning,Georgia,Product 5,399,8,3192,on-time,no,(4) high
7/7/2017,Returning,Tennessee,Product 3,299,6,1794,on-time,no,(3) ok
7/7/2017,Ad,Florida,Product 5,399,7,2793,on-time,yes,(3) ok
7/7/2017,Ad,Alabama,Product 1,499,5,2495,on-time,no,(2) low
7/7/2017,Returning,South Carolina,Product 3,299,1,299,on-time,no,(1) very low
7/7/2017,Returning,North Carolina,Product 4,99,5,495,on-time,no,(2) low
7/7/2017,Organic,Georgia,Product 3,299,6,1794,delayed,no,(4) high
7/7/2017,Organic,Florida,Product 4,99,4,396,on-time,no,(1) very low
7/7/2017,Organic,North Carolina,Product 5,399,4,1596,delayed,no,(4) high
7/7/2017,Returning,Florida,Product 1,499,3,1497,on-time,no,(3) ok
7/7/2017,Returning,North Carolina,Product 5,399,6,2394,on-time,no,(3) ok
7/7/2017,Ad,Mississippi,Product 2,199,6,1194,delayed,no,(3) ok
7/7/2017,Returning,Georgia,Product 1,499,6,2994,on-time,no,(3) ok
7/7/2017,Returning,Georgia,Product 3,299,9,2691,on-time,no,(3) ok
7/7/2017,Organic,Tennessee,Product 1,499,4,1996,delayed,no,(3) ok
7/7/2017,Ad,South Carolina,Product 2,199,10,1990,on-time,no,(2) low
7/7/2017,Ad,Tennessee,Product 1,499,7,3493,on-time,no,(3) ok
7/7/2017,Returning,Tennessee,Product 2,199,2,398,on-time,no,(2) low
7/7/2017,Organic,Mississippi,Product 1,499,9,4491,delayed,no,(3) ok
7/7/2017,Ad,Mississippi,Product 1,499,6,2994,on-time,no,(3) ok
7/7/2017,Organic,North Carolina,Product 5,399,5,1995,delayed,no,(3) ok
7/7/2017,Ad,Alabama,Product 1,499,10,4990,delayed,no,(3) ok
7/8/2017,Returning,South Carolina,Product 1,499,2,998,on-time,no,(3) ok
7/8/2017,Ad,Tennessee,Product 4,99,2,198,on-time,no,(5) very high
7/8/2017,Organic,Tennessee,Product 4,99,9,891,delayed,yes,(1) very low
7/8/2017,Ad,South Carolina,Product 2,199,3,597,on-time,no,(3) ok
7/9/2017,Organic,South Carolina,Product 5,399,10,3990,on-time,no,(3) ok
7/9/2017,Ad,Alabama,Product 1,499,7,3493,delayed,no,(5) very high
7/10/2017,Returning,Alabama,Product 2,199,9,1791,on-time,no,(2) low
7/10/2017,Returning,Florida,Product 5,399,10,3990,delayed,no,(1) very low
7/10/2017,Ad,Florida,Product 4,99,3,297,delayed,no,(5) very high
7/10/2017,Organic,Tennessee,Product 1,499,1,499,on-time,no,(1) very low
7/10/2017,Ad,North Carolina,Product 5,399,3,1197,delayed,no,(3) ok
7/10/2017,Organic,Georgia,Product 4,99,10,990,on-time,no,(5) very high
7/10/2017,Organic,Georgia,Product 2,199,10,1990,delayed,no,(3) ok
7/11/2017,Returning,North Carolina,Product 1,499,2,998,on-time,no,(3) ok
7/11/2017,Organic,North Carolina,Product 2,199,10,1990,delayed,no,(4) high
7/11/2017,Organic,Mississippi,Product 5,399,2,798,on-time,no,(3) ok
7/11/2017,Ad,Florida,Product 5,399,10,3990,delayed,no,(3) ok
7/11/2017,Returning,South Carolina,Product 5,399,10,3990,delayed,yes,(1) very low
7/11/2017,Ad,South Carolina,Product 5,399,10,3990,delayed,yes,(2) low
7/12/2017,Ad,South Carolina,Product 2,199,5,995,on-time,yes,(2) low
7/13/2017,Ad,Georgia,Product 3,299,3,897,on-time,no,(3) ok
7/13/2017,Returning,Tennessee,Product 4,99,3,297,on-time,no,(1) very low
7/13/2017,Organic,North Carolina,Product 3,299,2,598,delayed,no,(2) low
7/13/2017,Ad,Tennessee,Product 2,199,9,1791,on-time,no,(4) high
7/13/2017,Returning,South Carolina,Product 2,199,6,1194,on-time,no,(4) high
7/13/2017,Ad,Alabama,Product 2,199,1,199,delayed,no,(4) high
7/13/2017,Organic,South Carolina,Product 1,499,5,2495,delayed,no,(3) ok
7/13/2017,Ad,Georgia,Product 4,99,1,99,on-time,no,(3) ok
7/13/2017,Organic,Tennessee,Product 1,499,10,4990,delayed,no,(5) very high
7/13/2017,Returning,Mississippi,Product 5,399,3,1197,on-time,no,(2) low
7/13/2017,Ad,Alabama,Product 4,99,7,693,on-time,no,(3) ok
7/13/2017,Organic,Georgia,Product 3,299,2,598,delayed,no,(3) ok
7/14/2017,Returning,Tennessee,Product 5,399,3,1197,on-time,no,(3) ok
7/15/2017,Organic,Tennessee,Product 3,299,7,2093,delayed,no,(2) low
7/15/2017,Ad,Alabama,Product 3,299,8,2392,on-time,no,(2) low
7/15/2017,Returning,Tennessee,Product 5,399,10,3990,delayed,no,(5) very high
7/15/2017,Organic,Florida,Product 5,399,4,1596,delayed,no,(5) very high
7/15/2017,Returning,Tennessee,Product 2,199,4,796,on-time,no,(3) ok
7/15/2017,Organic,Mississippi,Product 3,299,7,2093,delayed,no,(4) high
7/15/2017,Returning,Mississippi,Product 4,99,5,495,delayed,no,(4) high
7/15/2017,Returning,Georgia,Product 1,499,3,1497,delayed,no,(3) ok
7/15/2017,Organic,Alabama,Product 5,399,1,399,delayed,no,(4) high
7/15/2017,Organic,Georgia,Product 4,99,3,297,delayed,no,(3) ok
7/15/2017,Returning,Tennessee,Product 2,199,5,995,delayed,no,(4) high
7/15/2017,Returning,Georgia,Product 3,299,9,2691,on-time,no,(2) low
7/16/2017,Organic,Alabama,Product 4,99,9,891,on-time,no,(3) ok
7/17/2017,Ad,Georgia,Product 1,499,5,2495,on-time,no,(3) ok
7/17/2017,Organic,Tennessee,Product 2,199,9,1791,on-time,yes,(2) low
7/17/2017,Organic,Georgia,Product 1,499,9,4491,on-time,no,(4) high
7/17/2017,Ad,Florida,Product 3,299,5,1495,delayed,no,(3) ok
7/17/2017,Returning,Tennessee,Product 4,99,2,198,on-time,yes,(3) ok
7/17/2017,Organic,Florida,Product 5,399,7,2793,on-time,no,(3) ok
7/17/2017,Organic,North Carolina,Product 1,499,5,2495,delayed,no,(3) ok
7/17/2017,Organic,Alabama,Product 3,299,10,2990,delayed,yes,(5) very high
7/17/2017,Returning,North Carolina,Product 4,99,3,297,delayed,yes,(4) high
7/17/2017,Returning,North Carolina,Product 2,199,8,1592,delayed,no,(3) ok
7/17/2017,Ad,North Carolina,Product 2,199,4,796,delayed,no,(5) very high
7/17/2017,Ad,Florida,Product 4,99,2,198,on-time,no,(5) very high
7/18/2017,Organic,South Carolina,Product 5,399,8,3192,on-time,no,(2) low
7/18/2017,Ad,Tennessee,Product 2,199,1,199,delayed,no,(5) very high
7/18/2017,Returning,North Carolina,Product 4,99,6,594,on-time,no,(2) low
7/18/2017,Returning,Mississippi,Product 1,499,10,4990,on-time,yes,(2) low
7/18/2017,Organic,Alabama,Product 2,199,4,796,on-time,no,(5) very high
7/18/2017,Ad,South Carolina,Product 1,499,4,1996,delayed,no,(1) very low
7/18/2017,Organic,Florida,Product 3,299,10,2990,on-time,no,(3) ok
7/18/2017,Ad,Tennessee,Product 4,99,3,297,delayed,no,(5) very high
7/18/2017,Returning,Tennessee,Product 2,199,2,398,delayed,yes,(3) ok
7/18/2017,Ad,North Carolina,Product 4,99,7,693,on-time,no,(5) very high
7/18/2017,Organic,Alabama,Product 5,399,4,1596,on-time,no,(3) ok
7/18/2017,Returning,Mississippi,Product 4,99,1,99,delayed,no,(4) high
7/18/2017,Returning,Florida,Product 4,99,1,99,delayed,no,(3) ok
7/18/2017,Organic,South Carolina,Product 5,399,9,3591,on-time,no,(2) low
7/18/2017,Organic,Georgia,Product 3,299,9,2691,on-time,no,(3) ok
7/18/2017,Returning,North Carolina,Product 5,399,2,798,on-time,no,(2) low
7/18/2017,Organic,Mississippi,Product 3,299,8,2392,on-time,no,(1) very low
7/19/2017,Ad,North Carolina,Product 1,499,9,4491,delayed,no,(1) very low
7/19/2017,Returning,Tennessee,Product 4,99,2,198,on-time,no,(4) high
7/19/2017,Returning,Mississippi,Product 3,299,6,1794,on-time,no,(3) ok
7/19/2017,Organic,Mississippi,Product 4,99,5,495,on-time,no,(5) very high
7/19/2017,Returning,Alabama,Product 1,499,7,3493,delayed,no,(2) low
7/20/2017,Returning,Alabama,Product 2,199,4,796,delayed,yes,(2) low
7/20/2017,Returning,North Carolina,Product 2,199,1,199,delayed,no,(3) ok
7/20/2017,Organic,Florida,Product 2,199,9,1791,on-time,no,(3) ok
7/20/2017,Ad,North Carolina,Product 5,399,10,3990,on-time,no,(2) low
7/21/2017,Returning,North Carolina,Product 2,199,2,398,delayed,no,(2) low
7/21/2017,Returning,North Carolina,Product 4,99,7,693,on-time,no,(2) low
7/21/2017,Ad,Florida,Product 4,99,9,891,delayed,no,(3) ok
7/21/2017,Ad,Georgia,Product 4,99,8,792,on-time,no,(2) low
7/21/2017,Returning,Georgia,Product 5,399,7,2793,delayed,yes,(1) very low
7/21/2017,Organic,Tennessee,Product 3,299,2,598,on-time,no,(3) ok
7/21/2017,Organic,Alabama,Product 3,299,6,1794,delayed,no,(4) high
7/21/2017,Ad,North Carolina,Product 3,299,1,299,on-time,no,(5) very high
7/21/2017,Ad,Florida,Product 2,199,7,1393,delayed,no,(2) low
7/21/2017,Ad,Florida,Product 4,99,7,693,on-time,no,(3) ok
7/22/2017,Returning,Tennessee,Product 5,399,7,2793,on-time,no,(3) ok
7/22/2017,Returning,Tennessee,Product 1,499,7,3493,delayed,no,(4) high
7/23/2017,Ad,Mississippi,Product 1,499,2,998,on-time,no,(3) ok
7/23/2017,Returning,Alabama,Product 2,199,9,1791,on-time,no,(1) very low
7/23/2017,Ad,Georgia,Product 5,399,2,798,on-time,no,(3) ok
7/23/2017,Organic,Georgia,Product 5,399,5,1995,on-time,no,(2) low
7/23/2017,Returning,Tennessee,Product 3,299,9,2691,delayed,no,(4) high
7/23/2017,Ad,Mississippi,Product 3,299,8,2392,on-time,no,(3) ok
7/23/2017,Ad,Mississippi,Product 3,299,9,2691,on-time,no,(4) high
7/23/2017,Ad,Georgia,Product 3,299,4,1196,on-time,yes,(4) high
7/23/2017,Organic,Tennessee,Product 4,99,9,891,on-time,no,(5) very high
7/23/2017,Ad,Florida,Product 2,199,3,597,on-time,no,(4) high
7/23/2017,Ad,Mississippi,Product 5,399,9,3591,on-time,no,(3) ok
7/23/2017,Returning,Georgia,Product 2,199,4,796,on-time,no,(4) high
7/23/2017,Organic,Florida,Product 3,299,1,299,delayed,no,(3) ok
7/23/2017,Ad,South Carolina,Product 4,99,3,297,on-time,no,(2) low
7/23/2017,Returning,North Carolina,Product 1,499,10,4990,on-time,no,(3) ok
7/24/2017,Ad,North Carolina,Product 2,199,4,796,on-time,no,(4) high
7/24/2017,Returning,North Carolina,Product 1,499,3,1497,on-time,yes,(3) ok
7/24/2017,Ad,Georgia,Product 3,299,7,2093,on-time,no,(4) high
7/24/2017,Returning,North Carolina,Product 5,399,1,399,on-time,no,(3) ok
7/24/2017,Organic,South Carolina,Product 2,199,2,398,on-time,no,(2) low
7/25/2017,Returning,Alabama,Product 3,299,5,1495,on-time,no,(5) very high
7/25/2017,Ad,Florida,Product 1,499,4,1996,delayed,no,(1) very low
7/26/2017,Organic,Alabama,Product 3,299,1,299,on-time,no,(4) high
7/26/2017,Organic,Georgia,Product 3,299,8,2392,delayed,no,(3) ok
7/26/2017,Organic,Mississippi,Product 4,99,5,495,on-time,no,(1) very low
7/26/2017,Ad,Tennessee,Product 3,299,3,897,delayed,no,(3) ok
7/26/2017,Ad,North Carolina,Product 5,399,9,3591,delayed,no,(3) ok
7/26/2017,Organic,South Carolina,Product 5,399,1,399,delayed,no,(3) ok
7/27/2017,Organic,Tennessee,Product 3,299,4,1196,delayed,yes,(2) low
7/27/2017,Organic,Georgia,Product 3,299,4,1196,on-time,no,(3) ok
7/27/2017,Returning,Alabama,Product 1,499,4,1996,on-time,no,(4) high
7/27/2017,Ad,Georgia,Product 3,299,9,2691,on-time,no,(1) very low
7/27/2017,Organic,Florida,Product 2,199,9,1791,on-time,no,(1) very low
7/27/2017,Ad,South Carolina,Product 1,499,5,2495,on-time,no,(3) ok
7/27/2017,Ad,Alabama,Product 2,199,6,1194,delayed,no,(3) ok
7/27/2017,Ad,Alabama,Product 2,199,2,398,delayed,no,(1) very low
7/27/2017,Organic,Georgia,Product 1,499,9,4491,delayed,no,(5) very high
7/27/2017,Returning,Mississippi,Product 4,99,5,495,delayed,no,(2) low
7/28/2017,Ad,Alabama,Product 2,199,3,597,on-time,no,(2) low
7/29/2017,Ad,Georgia,Product 3,299,9,2691,on-time,no,(4) high
7/29/2017,Returning,Florida,Product 4,99,5,495,on-time,no,(3) ok
7/29/2017,Ad,North Carolina,Product 5,399,4,1596,delayed,no,(1) very low
7/29/2017,Returning,South Carolina,Product 2,199,5,995,on-time,no,(2) low
7/29/2017,Returning,Alabama,Product 5,399,9,3591,on-time,no,(5) very high
7/29/2017,Ad,Mississippi,Product 2,199,5,995,on-time,yes,(4) high
7/29/2017,Returning,Georgia,Product 1,499,10,4990,delayed,no,(2) low
7/29/2017,Returning,Alabama,Product 2,199,10,1990,on-time,no,(4) high
7/29/2017,Ad,Florida,Product 4,99,2,198,on-time,no,(4) high
7/29/2017,Organic,Mississippi,Product 5,399,8,3192,delayed,no,(4) high
7/30/2017,Organic,Alabama,Product 1,499,3,1497,on-time,no,(3) ok
7/30/2017,Returning,Tennessee,Product 1,499,8,3992,on-time,no,(3) ok
7/30/2017,Returning,Georgia,Product 5,399,5,1995,delayed,no,(4) high
7/31/2017,Organic,Georgia,Product 3,299,3,897,delayed,no,(3) ok
7/31/2017,Ad,Mississippi,Product 5,399,1,399,on-time,yes,(2) low
7/31/2017,Organic,Tennessee,Product 1,499,7,3493,delayed,no,(2) low
7/31/2017,Ad,Georgia,Product 3,299,8,2392,on-time,no,(3) ok
7/31/2017,Ad,Mississippi,Product 1,499,9,4491,on-time,no,(1) very low
8/1/2017,Ad,Florida,Product 4,99,4,396,delayed,no,(4) high
8/2/2017,Organic,South Carolina,Product 1,499,7,3493,on-time,no,(4) high
8/2/2017,Ad,Georgia,Product 3,299,1,299,on-time,no,(2) low
8/2/2017,Organic,South Carolina,Product 4,99,5,495,on-time,no,(2) low
8/2/2017,Organic,North Carolina,Product 3,299,1,299,delayed,no,(4) high
8/2/2017,Returning,Florida,Product 2,199,7,1393,on-time,no,(2) low
8/3/2017,Organic,Tennessee,Product 1,499,2,998,on-time,no,(4) high
8/3/2017,Returning,Tennessee,Product 3,299,1,299,on-time,no,(4) high
8/3/2017,Returning,Mississippi,Product 2,199,1,199,on-time,no,(3) ok
8/3/2017,Ad,Tennessee,Product 3,299,6,1794,on-time,no,(3) ok
8/3/2017,Ad,Florida,Product 1,499,10,4990,on-time,no,(2) low
8/3/2017,Organic,Alabama,Product 3,299,5,1495,on-time,no,(2) low
8/3/2017,Returning,Tennessee,Product 1,499,2,998,on-time,no,(3) ok
8/3/2017,Returning,Georgia,Product 5,399,2,798,delayed,no,(3) ok
8/3/2017,Organic,Georgia,Product 4,99,5,495,on-time,no,(3) ok
8/3/2017,Organic,Tennessee,Product 3,299,6,1794,on-time,no,(4) high
8/3/2017,Ad,Georgia,Product 5,399,5,1995,on-time,no,(3) ok
8/3/2017,Ad,Mississippi,Product 3,299,6,1794,on-time,no,(3) ok
8/3/2017,Ad,Alabama,Product 4,99,5,495,on-time,no,(3) ok
8/4/2017,Organic,Alabama,Product 5,399,4,1596,delayed,no,(2) low
8/4/2017,Returning,Georgia,Product 5,399,7,2793,on-time,yes,(4) high
8/4/2017,Organic,South Carolina,Product 2,199,5,995,on-time,no,(1) very low
8/4/2017,Ad,North Carolina,Product 3,299,9,2691,delayed,no,(1) very low
8/4/2017,Ad,South Carolina,Product 3,299,7,2093,on-time,yes,(5) very high
8/4/2017,Ad,Alabama,Product 5,399,9,3591,on-time,no,(3) ok
8/4/2017,Organic,Tennessee,Product 2,199,10,1990,on-time,no,(3) ok
8/4/2017,Organic,Georgia,Product 5,399,8,3192,on-time,no,(3) ok
8/4/2017,Ad,Florida,Product 2,199,6,1194,on-time,no,(3) ok
8/4/2017,Ad,South Carolina,Product 1,499,9,4491,on-time,no,(4) high
8/5/2017,Ad,Georgia,Product 4,99,9,891,on-time,no,(3) ok
8/6/2017,Ad,South Carolina,Product 5,399,9,3591,delayed,no,(3) ok
8/6/2017,Organic,Georgia,Product 2,199,7,1393,on-time,no,(4) high
8/7/2017,Ad,Georgia,Product 3,299,6,1794,on-time,no,(3) ok
8/7/2017,Returning,Florida,Product 2,199,1,199,on-time,no,(2) low
8/7/2017,Ad,South Carolina,Product 3,299,1,299,delayed,no,(3) ok
8/7/2017,Ad,Mississippi,Product 4,99,2,198,on-time,no,(1) very low
8/7/2017,Returning,Alabama,Product 1,499,9,4491,on-time,no,(3) ok
8/7/2017,Organic,South Carolina,Product 2,199,5,995,on-time,no,(3) ok
8/7/2017,Ad,South Carolina,Product 5,399,5,1995,on-time,no,(4) high
8/7/2017,Returning,South Carolina,Product 3,299,8,2392,delayed,no,(3) ok
8/7/2017,Organic,Georgia,Product 5,399,7,2793,delayed,no,(5) very high
8/7/2017,Returning,Florida,Product 3,299,1,299,delayed,no,(3) ok
8/7/2017,Organic,Alabama,Product 1,499,8,3992,on-time,no,(4) high
8/7/2017,Organic,Mississippi,Product 4,99,5,495,on-time,no,(2) low
8/7/2017,Ad,Alabama,Product 5,399,10,3990,on-time,no,(3) ok
8/7/2017,Organic,Tennessee,Product 2,199,7,1393,on-time,no,(4) high
8/7/2017,Returning,North Carolina,Product 1,499,10,4990,on-time,no,(2) low
8/7/2017,Organic,Georgia,Product 2,199,2,398,delayed,no,(2) low
8/7/2017,Organic,Florida,Product 2,199,6,1194,on-time,no,(3) ok
8/7/2017,Organic,North Carolina,Product 3,299,2,598,on-time,no,(5) very high
8/7/2017,Returning,Alabama,Product 5,399,10,3990,on-time,no,(3) ok
8/8/2017,Organic,Alabama,Product 2,199,8,1592,delayed,yes,(3) ok
8/9/2017,Ad,Georgia,Product 1,499,5,2495,on-time,no,(3) ok
8/9/2017,Ad,Alabama,Product 1,499,6,2994,on-time,no,(3) ok
8/9/2017,Returning,South Carolina,Product 3,299,7,2093,delayed,no,(4) high
8/9/2017,Organic,Mississippi,Product 4,99,2,198,on-time,no,(1) very low
8/9/2017,Ad,Georgia,Product 1,499,5,2495,delayed,no,(2) low
8/9/2017,Ad,Georgia,Product 2,199,7,1393,on-time,no,(3) ok
8/10/2017,Organic,South Carolina,Product 1,499,1,499,on-time,yes,(5) very high
8/11/2017,Organic,South Carolina,Product 5,399,4,1596,delayed,no,(4) high
8/11/2017,Organic,Georgia,Product 3,299,6,1794,delayed,no,(4) high
8/11/2017,Organic,Alabama,Product 5,399,6,2394,on-time,no,(3) ok
8/11/2017,Ad,Mississippi,Product 3,299,9,2691,on-time,no,(2) low
8/11/2017,Organic,North Carolina,Product 2,199,1,199,on-time,no,(3) ok
8/11/2017,Returning,North Carolina,Product 3,299,7,2093,on-time,no,(4) high
8/11/2017,Ad,Alabama,Product 1,499,9,4491,delayed,no,(3) ok
8/11/2017,Organic,North Carolina,Product 5,399,2,798,on-time,no,(2) low
8/11/2017,Returning,South Carolina,Product 3,299,4,1196,on-time,no,(4) high
8/12/2017,Ad,Mississippi,Product 5,399,6,2394,on-time,no,(3) ok
8/12/2017,Returning,North Carolina,Product 5,399,8,3192,on-time,no,(3) ok
8/12/2017,Organic,Georgia,Product 2,199,8,1592,delayed,no,(2) low
8/12/2017,Organic,South Carolina,Product 2,199,10,1990,on-time,yes,(5) very high
8/12/2017,Organic,Tennessee,Product 4,99,4,396,on-time,no,(4) high
8/12/2017,Organic,Tennessee,Product 3,299,1,299,delayed,no,(2) low
8/12/2017,Ad,Georgia,Product 4,99,6,594,on-time,yes,(5) very high
8/12/2017,Ad,Florida,Product 4,99,1,99,on-time,no,(2) low
8/12/2017,Organic,North Carolina,Product 1,499,8,3992,delayed,no,(4) high
8/12/2017,Returning,Alabama,Product 3,299,6,1794,delayed,no,(1) very low
8/12/2017,Returning,Tennessee,Product 1,499,6,2994,on-time,no,(3) ok
8/12/2017,Returning,Georgia,Product 4,99,3,297,on-time,no,(3) ok
8/13/2017,Ad,Florida,Product 5,399,8,3192,on-time,yes,(5) very high
8/14/2017,Organic,Florida,Product 2,199,3,597,on-time,no,(2) low
8/14/2017,Returning,South Carolina,Product 3,299,6,1794,delayed,no,(4) high
8/14/2017,Organic,Mississippi,Product 3,299,8,2392,on-time,yes,(4) high
8/14/2017,Returning,South Carolina,Product 3,299,3,897,delayed,no,(1) very low
8/14/2017,Organic,North Carolina,Product 5,399,2,798,delayed,no,(3) ok
8/15/2017,Organic,Alabama,Product 1,499,5,2495,on-time,no,(1) very low
8/15/2017,Returning,North Carolina,Product 1,499,2,998,delayed,no,(1) very low
8/15/2017,Ad,South Carolina,Product 3,299,2,598,on-time,no,(2) low
8/15/2017,Returning,South Carolina,Product 1,499,10,4990,on-time,no,(2) low
8/15/2017,Organic,North Carolina,Product 4,99,4,396,delayed,no,(4) high
8/15/2017,Returning,South Carolina,Product 2,199,7,1393,delayed,no,(3) ok
8/15/2017,Ad,Alabama,Product 2,199,4,796,on-time,no,(2) low
8/15/2017,Returning,Mississippi,Product 1,499,8,3992,delayed,no,(4) high
8/15/2017,Returning,Florida,Product 3,299,10,2990,delayed,no,(3) ok
8/15/2017,Organic,South Carolina,Product 2,199,10,1990,on-time,yes,(3) ok
8/15/2017,Returning,Florida,Product 4,99,9,891,on-time,yes,(3) ok
8/15/2017,Returning,Tennessee,Product 5,399,3,1197,delayed,no,(4) high
8/15/2017,Ad,Mississippi,Product 4,99,2,198,delayed,no,(3) ok
8/16/2017,Ad,Tennessee,Product 1,499,1,499,on-time,no,(3) ok
8/16/2017,Returning,South Carolina,Product 5,399,4,1596,delayed,no,(2) low
8/16/2017,Ad,Georgia,Product 4,99,6,594,delayed,no,(4) high
8/16/2017,Returning,Alabama,Product 5,399,1,399,on-time,no,(2) low
8/16/2017,Ad,Alabama,Product 5,399,8,3192,on-time,no,(3) ok
8/16/2017,Ad,Mississippi,Product 5,399,10,3990,on-time,no,(5) very high
8/16/2017,Returning,Georgia,Product 1,499,6,2994,on-time,no,(1) very low
8/16/2017,Ad,North Carolina,Product 2,199,4,796,on-time,no,(3) ok
8/16/2017,Returning,Mississippi,Product 3,299,1,299,on-time,no,(2) low
8/16/2017,Organic,Florida,Product 3,299,6,1794,delayed,no,(3) ok
8/16/2017,Ad,Florida,Product 3,299,10,2990,on-time,no,(1) very low
8/16/2017,Ad,Georgia,Product 2,199,1,199,on-time,no,(3) ok
8/16/2017,Ad,Tennessee,Product 1,499,10,4990,on-time,no,(3) ok
8/16/2017,Ad,Florida,Product 5,399,9,3591,on-time,yes,(4) high
8/16/2017,Organic,Florida,Product 5,399,10,3990,on-time,no,(3) ok
8/16/2017,Ad,Mississippi,Product 2,199,1,199,delayed,no,(3) ok
8/16/2017,Organic,Tennessee,Product 3,299,2,598,delayed,no,(1) very low
8/16/2017,Organic,Mississippi,Product 2,199,1,199,on-time,no,(4) high
8/16/2017,Organic,North Carolina,Product 2,199,2,398,delayed,no,(3) ok
8/16/2017,Organic,Alabama,Product 5,399,4,1596,on-time,no,(3) ok
8/16/2017,Returning,Alabama,Product 1,499,8,3992,on-time,no,(5) very high
8/16/2017,Returning,Mississippi,Product 3,299,9,2691,delayed,no,(4) high
8/16/2017,Ad,Alabama,Product 4,99,8,792,on-time,no,(4) high
8/17/2017,Ad,Florida,Product 4,99,7,693,on-time,no,(5) very high
8/17/2017,Organic,Florida,Product 3,299,5,1495,on-time,no,(4) high
8/17/2017,Ad,Georgia,Product 3,299,2,598,on-time,no,(2) low
8/18/2017,Returning,Tennessee,Product 1,499,5,2495,delayed,yes,(4) high
8/18/2017,Organic,North Carolina,Product 5,399,10,3990,on-time,no,(4) high
8/18/2017,Ad,Tennessee,Product 1,499,4,1996,on-time,no,(1) very low
8/18/2017,Returning,North Carolina,Product 3,299,10,2990,on-time,no,(3) ok
8/18/2017,Organic,Georgia,Product 3,299,2,598,on-time,no,(1) very low
8/18/2017,Returning,Alabama,Product 4,99,3,297,on-time,no,(4) high
8/18/2017,Ad,Tennessee,Product 4,99,3,297,on-time,no,(2) low
8/18/2017,Returning,Georgia,Product 2,199,2,398,delayed,no,(1) very low
8/18/2017,Ad,North Carolina,Product 1,499,10,4990,on-time,no,(4) high
8/18/2017,Organic,Alabama,Product 5,399,4,1596,delayed,no,(3) ok
8/18/2017,Organic,North Carolina,Product 2,199,1,199,on-time,no,(4) high
8/18/2017,Returning,North Carolina,Product 2,199,7,1393,on-time,no,(3) ok
8/18/2017,Ad,Georgia,Product 4,99,6,594,on-time,yes,(3) ok
8/18/2017,Ad,Tennessee,Product 3,299,2,598,delayed,no,(2) low
8/18/2017,Ad,Alabama,Product 2,199,7,1393,delayed,yes,(1) very low
8/18/2017,Organic,Mississippi,Product 2,199,4,796,on-time,no,(3) ok
8/18/2017,Ad,South Carolina,Product 3,299,10,2990,delayed,no,(2) low
8/18/2017,Organic,Mississippi,Product 4,99,7,693,delayed,no,(3) ok
8/18/2017,Ad,Alabama,Product 2,199,1,199,on-time,no,(4) high
8/18/2017,Organic,Alabama,Product 2,199,1,199,on-time,no,(1) very low
8/18/2017,Returning,Mississippi,Product 3,299,1,299,on-time,no,(3) ok
8/18/2017,Organic,Alabama,Product 3,299,7,2093,on-time,yes,(5) very high
8/18/2017,Returning,Mississippi,Product 3,299,2,598,delayed,no,(2) low
8/18/2017,Returning,Alabama,Product 2,199,9,1791,on-time,no,(5) very high
8/18/2017,Organic,Georgia,Product 4,99,8,792,delayed,no,(3) ok
8/18/2017,Returning,Alabama,Product 5,399,2,798,on-time,no,(4) high
8/18/2017,Organic,Georgia,Product 5,399,8,3192,on-time,no,(4) high
8/19/2017,Returning,Alabama,Product 3,299,5,1495,on-time,no,(3) ok
8/19/2017,Ad,South Carolina,Product 1,499,1,499,on-time,no,(3) ok
8/20/2017,Ad,South Carolina,Product 5,399,10,3990,on-time,no,(3) ok
8/21/2017,Organic,Georgia,Product 4,99,9,891,on-time,no,(2) low
8/21/2017,Organic,South Carolina,Product 5,399,10,3990,on-time,no,(3) ok
8/21/2017,Returning,Mississippi,Product 5,399,7,2793,on-time,no,(4) high
8/21/2017,Returning,Alabama,Product 4,99,1,99,on-time,no,(4) high
8/21/2017,Organic,Tennessee,Product 4,99,3,297,delayed,no,(3) ok
8/21/2017,Ad,Georgia,Product 3,299,2,598,on-time,no,(4) high
8/21/2017,Ad,Georgia,Product 5,399,6,2394,on-time,no,(2) low
8/22/2017,Ad,North Carolina,Product 5,399,4,1596,on-time,no,(4) high
8/22/2017,Ad,South Carolina,Product 5,399,10,3990,on-time,no,(4) high
8/23/2017,Ad,Georgia,Product 1,499,10,4990,on-time,yes,(3) ok
8/23/2017,Ad,North Carolina,Product 2,199,8,1592,on-time,no,(4) high
8/23/2017,Organic,Georgia,Product 1,499,8,3992,on-time,yes,(3) ok
8/23/2017,Returning,South Carolina,Product 4,99,9,891,delayed,yes,(1) very low
8/23/2017,Returning,South Carolina,Product 1,499,4,1996,on-time,yes,(3) ok
8/23/2017,Ad,Tennessee,Product 1,499,1,499,delayed,no,(2) low
8/23/2017,Returning,South Carolina,Product 5,399,1,399,delayed,no,(3) ok
8/23/2017,Ad,Alabama,Product 4,99,8,792,on-time,no,(4) high
8/23/2017,Returning,South Carolina,Product 2,199,2,398,on-time,no,(5) very high
8/24/2017,Ad,North Carolina,Product 2,199,5,995,on-time,no,(1) very low
8/24/2017,Ad,South Carolina,Product 3,299,3,897,on-time,no,(2) low
8/24/2017,Ad,Florida,Product 2,199,8,1592,on-time,no,(4) high
8/25/2017,Ad,Georgia,Product 5,399,3,1197,on-time,no,(4) high
8/25/2017,Organic,Florida,Product 5,399,8,3192,on-time,no,(3) ok
8/25/2017,Organic,North Carolina,Product 1,499,3,1497,on-time,no,(3) ok
8/25/2017,Ad,Alabama,Product 1,499,7,3493,on-time,no,(2) low
8/26/2017,Ad,North Carolina,Product 4,99,7,693,on-time,no,(3) ok
8/26/2017,Ad,North Carolina,Product 5,399,9,3591,delayed,yes,(3) ok
8/26/2017,Organic,Georgia,Product 2,199,1,199,on-time,yes,(2) low
8/26/2017,Ad,Florida,Product 4,99,3,297,on-time,yes,(3) ok
8/26/2017,Returning,North Carolina,Product 1,499,2,998,delayed,no,(4) high
8/26/2017,Returning,South Carolina,Product 3,299,9,2691,on-time,no,(1) very low
8/26/2017,Ad,Florida,Product 3,299,4,1196,on-time,no,(3) ok
8/26/2017,Returning,Florida,Product 3,299,7,2093,delayed,no,(3) ok
8/26/2017,Ad,Mississippi,Product 4,99,9,891,on-time,no,(1) very low
8/26/2017,Organic,Alabama,Product 3,299,4,1196,on-time,no,(4) high
8/26/2017,Ad,Mississippi,Product 4,99,2,198,on-time,no,(1) very low
8/26/2017,Returning,South Carolina,Product 1,499,7,3493,on-time,no,(2) low
8/26/2017,Returning,Alabama,Product 4,99,4,396,on-time,no,(4) high
8/26/2017,Organic,Tennessee,Product 1,499,6,2994,on-time,no,(2) low
8/27/2017,Organic,Alabama,Product 4,99,5,495,on-time,no,(2) low
8/27/2017,Ad,Mississippi,Product 1,499,2,998,delayed,no,(2) low
8/27/2017,Returning,Georgia,Product 2,199,9,1791,on-time,yes,(2) low
8/28/2017,Returning,Alabama,Product 2,199,2,398,on-time,yes,(3) ok
8/29/2017,Organic,South Carolina,Product 4,99,1,99,delayed,no,(3) ok
8/29/2017,Returning,Florida,Product 4,99,2,198,on-time,no,(2) low
8/29/2017,Ad,North Carolina,Product 2,199,1,199,on-time,no,(2) low
8/29/2017,Returning,Alabama,Product 2,199,2,398,delayed,no,(4) high
8/29/2017,Organic,Florida,Product 4,99,9,891,delayed,no,(3) ok
8/30/2017,Ad,Tennessee,Product 1,499,5,2495,delayed,no,(3) ok
8/30/2017,Returning,Alabama,Product 5,399,10,3990,on-time,no,(4) high
8/31/2017,Organic,Georgia,Product 4,99,5,495,on-time,no,(5) very high
8/31/2017,Organic,Alabama,Product 4,99,9,891,on-time,no,(2) low
8/31/2017,Returning,South Carolina,Product 1,499,10,4990,delayed,no,(3) ok
8/31/2017,Returning,Mississippi,Product 5,399,5,1995,on-time,no,(4) high
8/31/2017,Organic,Tennessee,Product 5,399,10,3990,delayed,no,(3) ok
8/31/2017,Organic,Georgia,Product 5,399,9,3591,on-time,yes,(3) ok
8/31/2017,Organic,Alabama,Product 4,99,7,693,on-time,no,(1) very low
8/31/2017,Ad,Alabama,Product 3,299,5,1495,on-time,no,(3) ok
8/31/2017,Returning,South Carolina,Product 5,399,6,2394,delayed,no,(3) ok
8/31/2017,Ad,North Carolina,Product 1,499,9,4491,on-time,no,(2) low
8/31/2017,Organic,South Carolina,Product 1,499,4,1996,on-time,no,(2) low
8/31/2017,Organic,Georgia,Product 5,399,10,3990,on-time,no,(3) ok
8/31/2017,Organic,Florida,Product 3,299,2,598,on-time,yes,(3) ok
8/31/2017,Organic,North Carolina,Product 3,299,8,2392,on-time,yes,(5) very high
8/31/2017,Ad,South Carolina,Product 2,199,1,199,delayed,yes,(3) ok
8/31/2017,Returning,Florida,Product 4,99,7,693,on-time,no,(2) low
8/31/2017,Ad,Alabama,Product 5,399,7,2793,on-time,no,(3) ok
8/31/2017,Returning,North Carolina,Product 5,399,4,1596,delayed,no,(4) high
8/31/2017,Returning,Mississippi,Product 2,199,7,1393,delayed,no,(3) ok
8/31/2017,Ad,Florida,Product 2,199,6,1194,on-time,no,(1) very low
8/31/2017,Organic,Alabama,Product 2,199,10,1990,on-time,yes,(1) very low
8/31/2017,Organic,Tennessee,Product 4,99,6,594,delayed,no,(1) very low
8/31/2017,Organic,North Carolina,Product 1,499,10,4990,on-time,yes,(3) ok
8/31/2017,Returning,South Carolina,Product 4,99,7,693,on-time,no,(3) ok
8/31/2017,Ad,Georgia,Product 2,199,1,199,delayed,no,(3) ok
8/31/2017,Ad,Mississippi,Product 3,299,5,1495,on-time,no,(1) very low
9/1/2017,Organic,Alabama,Product 4,99,10,990,delayed,no,(3) ok
9/1/2017,Returning,Mississippi,Product 4,99,8,792,on-time,no,(1) very low
9/1/2017,Ad,Florida,Product 2,199,8,1592,on-time,no,(2) low
9/1/2017,Organic,Mississippi,Product 4,99,8,792,delayed,no,(3) ok
9/1/2017,Ad,Florida,Product 2,199,6,1194,on-time,no,(2) low
9/2/2017,Returning,Alabama,Product 3,299,9,2691,on-time,no,(2) low
9/2/2017,Returning,North Carolina,Product 1,499,10,4990,delayed,no,(3) ok
9/2/2017,Returning,Florida,Product 2,199,6,1194,on-time,yes,(4) high
9/3/2017,Ad,South Carolina,Product 4,99,7,693,delayed,no,(3) ok
9/3/2017,Ad,Alabama,Product 1,499,8,3992,on-time,no,(3) ok
9/3/2017,Organic,South Carolina,Product 5,399,7,2793,on-time,no,(3) ok
9/3/2017,Returning,Florida,Product 1,499,6,2994,delayed,no,(2) low
9/4/2017,Organic,Tennessee,Product 1,499,2,998,on-time,no,(5) very high
9/4/2017,Ad,Tennessee,Product 4,99,4,396,on-time,no,(1) very low
9/5/2017,Ad,Tennessee,Product 4,99,7,693,on-time,yes,(1) very low
9/5/2017,Organic,Florida,Product 1,499,8,3992,on-time,no,(3) ok
9/5/2017,Returning,South Carolina,Product 3,299,10,2990,delayed,no,(4) high
9/5/2017,Ad,Florida,Product 5,399,7,2793,delayed,yes,(3) ok
9/6/2017,Returning,Alabama,Product 3,299,10,2990,delayed,yes,(4) high
9/6/2017,Organic,South Carolina,Product 4,99,2,198,on-time,yes,(4) high
9/6/2017,Organic,North Carolina,Product 5,399,10,3990,on-time,no,(3) ok
9/6/2017,Ad,North Carolina,Product 1,499,5,2495,on-time,no,(4) high
9/7/2017,Organic,Mississippi,Product 2,199,5,995,on-time,no,(3) ok
9/7/2017,Returning,South Carolina,Product 4,99,5,495,on-time,no,(5) very high
9/7/2017,Returning,North Carolina,Product 2,199,1,199,on-time,yes,(4) high
9/7/2017,Organic,Florida,Product 2,199,9,1791,on-time,no,(4) high
9/7/2017,Organic,Tennessee,Product 1,499,10,4990,on-time,no,(5) very high
9/7/2017,Organic,North Carolina,Product 5,399,8,3192,on-time,no,(2) low
9/7/2017,Returning,Florida,Product 5,399,3,1197,delayed,yes,(5) very high
9/7/2017,Ad,Mississippi,Product 3,299,6,1794,on-time,no,(2) low
9/8/2017,Organic,Florida,Product 1,499,5,2495,delayed,no,(2) low
9/8/2017,Ad,Alabama,Product 5,399,9,3591,delayed,no,(2) low
9/8/2017,Ad,Florida,Product 3,299,3,897,delayed,no,(3) ok
9/9/2017,Organic,Florida,Product 3,299,6,1794,on-time,no,(3) ok
9/9/2017,Organic,South Carolina,Product 1,499,9,4491,delayed,no,(3) ok
9/9/2017,Returning,North Carolina,Product 1,499,7,3493,on-time,no,(1) very low
9/9/2017,Organic,Tennessee,Product 2,199,3,597,on-time,no,(4) high
9/9/2017,Ad,Alabama,Product 4,99,7,693,on-time,yes,(5) very high
9/9/2017,Ad,North Carolina,Product 2,199,10,1990,delayed,yes,(3) ok
9/9/2017,Organic,Florida,Product 1,499,2,998,delayed,no,(3) ok
9/10/2017,Organic,Alabama,Product 1,499,9,4491,on-time,no,(3) ok
9/10/2017,Organic,Mississippi,Product 5,399,10,3990,on-time,no,(2) low
9/11/2017,Ad,North Carolina,Product 4,99,9,891,on-time,no,(3) ok
9/11/2017,Returning,Tennessee,Product 3,299,2,598,on-time,no,(2) low
9/11/2017,Ad,Florida,Product 2,199,2,398,on-time,no,(4) high
9/11/2017,Organic,Mississippi,Product 1,499,3,1497,on-time,no,(4) high
9/11/2017,Ad,Tennessee,Product 2,199,4,796,delayed,no,(4) high
9/11/2017,Returning,South Carolina,Product 3,299,7,2093,on-time,no,(2) low
9/11/2017,Returning,Florida,Product 4,99,1,99,on-time,no,(3) ok
9/11/2017,Ad,Tennessee,Product 3,299,4,1196,on-time,no,(2) low
9/11/2017,Ad,Tennessee,Product 2,199,4,796,on-time,no,(2) low
9/11/2017,Organic,Georgia,Product 2,199,6,1194,delayed,no,(2) low
9/11/2017,Organic,Alabama,Product 2,199,4,796,on-time,no,(3) ok
9/12/2017,Organic,Alabama,Product 5,399,4,1596,on-time,no,(4) high
9/13/2017,Organic,Florida,Product 2,199,7,1393,on-time,no,(5) very high
9/14/2017,Ad,South Carolina,Product 4,99,7,693,on-time,no,(3) ok
9/14/2017,Organic,Alabama,Product 2,199,1,199,on-time,no,(1) very low
9/14/2017,Returning,Alabama,Product 4,99,1,99,on-time,no,(5) very high
9/14/2017,Ad,Georgia,Product 5,399,5,1995,delayed,yes,(4) high
9/14/2017,Returning,North Carolina,Product 4,99,9,891,on-time,no,(4) high
9/15/2017,Ad,Florida,Product 3,299,1,299,on-time,no,(2) low
9/15/2017,Organic,Alabama,Product 3,299,5,1495,on-time,no,(2) low
9/15/2017,Organic,South Carolina,Product 4,99,4,396,on-time,no,(4) high
9/16/2017,Ad,Mississippi,Product 3,299,3,897,on-time,yes,(3) ok
9/17/2017,Organic,Georgia,Product 1,499,2,998,on-time,no,(3) ok
9/17/2017,Returning,South Carolina,Product 4,99,3,297,delayed,no,(2) low
9/17/2017,Returning,North Carolina,Product 4,99,5,495,on-time,no,(4) high
9/17/2017,Organic,South Carolina,Product 5,399,6,2394,on-time,no,(1) very low
9/17/2017,Returning,South Carolina,Product 1,499,4,1996,on-time,no,(2) low
9/17/2017,Organic,Georgia,Product 1,499,6,2994,on-time,no,(2) low
9/17/2017,Ad,Florida,Product 2,199,6,1194,on-time,no,(1) very low
9/17/2017,Organic,Florida,Product 2,199,9,1791,on-time,no,(4) high
9/17/2017,Organic,South Carolina,Product 3,299,7,2093,delayed,yes,(1) very low
9/17/2017,Organic,Georgia,Product 4,99,3,297,on-time,yes,(3) ok
9/18/2017,Returning,Georgia,Product 2,199,6,1194,delayed,no,(1) very low
9/18/2017,Returning,Mississippi,Product 2,199,9,1791,on-time,no,(3) ok
9/18/2017,Returning,Tennessee,Product 2,199,8,1592,on-time,no,(3) ok
9/18/2017,Ad,Mississippi,Product 5,399,2,798,on-time,no,(2) low
9/18/2017,Ad,North Carolina,Product 5,399,5,1995,on-time,no,(3) ok
9/18/2017,Returning,Florida,Product 2,199,6,1194,delayed,no,(3) ok
9/19/2017,Organic,Alabama,Product 4,99,7,693,delayed,no,(4) high
9/19/2017,Organic,Mississippi,Product 2,199,2,398,on-time,no,(2) low
9/19/2017,Ad,Georgia,Product 5,399,2,798,on-time,yes,(3) ok
9/19/2017,Returning,Georgia,Product 1,499,10,4990,on-time,no,(4) high
9/20/2017,Ad,South Carolina,Product 3,299,3,897,on-time,no,(3) ok
9/20/2017,Ad,Tennessee,Product 1,499,3,1497,on-time,yes,(2) low
9/20/2017,Ad,Mississippi,Product 2,199,5,995,on-time,no,(3) ok
9/20/2017,Returning,North Carolina,Product 5,399,8,3192,on-time,no,(3) ok
9/20/2017,Returning,Alabama,Product 5,399,6,2394,on-time,no,(2) low
9/20/2017,Returning,Georgia,Product 2,199,4,796,delayed,no,(3) ok
9/20/2017,Organic,Georgia,Product 2,199,5,995,on-time,no,(3) ok
9/20/2017,Organic,North Carolina,Product 4,99,1,99,on-time,no,(5) very high
9/20/2017,Returning,Mississippi,Product 5,399,4,1596,delayed,no,(3) ok
9/20/2017,Organic,North Carolina,Product 5,399,3,1197,delayed,no,(4) high
9/21/2017,Ad,South Carolina,Product 1,499,8,3992,delayed,no,(3) ok
9/22/2017,Organic,South Carolina,Product 2,199,7,1393,on-time,no,(3) ok
9/22/2017,Organic,Georgia,Product 3,299,6,1794,on-time,yes,(3) ok
9/22/2017,Ad,Tennessee,Product 1,499,1,499,delayed,no,(3) ok
9/22/2017,Returning,Alabama,Product 2,199,6,1194,delayed,no,(5) very high
9/22/2017,Organic,North Carolina,Product 1,499,6,2994,on-time,yes,(3) ok
9/22/2017,Ad,South Carolina,Product 4,99,1,99,on-time,no,(3) ok
9/22/2017,Organic,North Carolina,Product 5,399,5,1995,on-time,yes,(4) high
9/22/2017,Returning,Alabama,Product 2,199,6,1194,on-time,no,(3) ok
9/22/2017,Returning,Alabama,Product 4,99,5,495,delayed,no,(3) ok
9/22/2017,Organic,Georgia,Product 4,99,9,891,on-time,no,(4) high
9/22/2017,Organic,Alabama,Product 1,499,5,2495,delayed,yes,(3) ok
9/22/2017,Ad,North Carolina,Product 5,399,9,3591,on-time,no,(4) high
9/22/2017,Ad,Tennessee,Product 3,299,6,1794,on-time,no,(2) low
9/22/2017,Ad,South Carolina,Product 1,499,8,3992,on-time,no,(1) very low
9/22/2017,Ad,Mississippi,Product 5,399,1,399,on-time,yes,(4) high
9/23/2017,Returning,Tennessee,Product 1,499,2,998,on-time,no,(4) high
9/23/2017,Returning,Mississippi,Product 2,199,6,1194,delayed,no,(4) high
9/23/2017,Ad,Florida,Product 3,299,8,2392,on-time,yes,(2) low
9/23/2017,Ad,Tennessee,Product 2,199,10,1990,on-time,no,(3) ok
9/23/2017,Ad,Georgia,Product 2,199,6,1194,on-time,yes,(3) ok
9/23/2017,Organic,Georgia,Product 3,299,4,1196,on-time,no,(5) very high
9/23/2017,Organic,Georgia,Product 3,299,8,2392,on-time,no,(3) ok
9/23/2017,Organic,Mississippi,Product 3,299,2,598,on-time,no,(5) very high
9/24/2017,Ad,Alabama,Product 1,499,9,4491,on-time,no,(1) very low
9/24/2017,Returning,Tennessee,Product 3,299,10,2990,on-time,yes,(1) very low
9/24/2017,Ad,Tennessee,Product 3,299,6,1794,on-time,no,(3) ok
9/25/2017,Ad,Mississippi,Product 2,199,7,1393,on-time,no,(3) ok
9/25/2017,Returning,Florida,Product 4,99,10,990,on-time,no,(1) very low
9/25/2017,Organic,Mississippi,Product 5,399,3,1197,on-time,no,(3) ok
9/25/2017,Returning,Florida,Product 1,499,2,998,on-time,no,(3) ok
9/26/2017,Organic,Alabama,Product 4,99,3,297,delayed,no,(3) ok
9/26/2017,Returning,Florida,Product 2,199,8,1592,on-time,no,(4) high
9/26/2017,Organic,Alabama,Product 3,299,2,598,delayed,no,(4) high
9/27/2017,Organic,Florida,Product 4,99,5,495,delayed,no,(2) low
9/28/2017,Ad,South Carolina,Product 5,399,9,3591,on-time,no,(5) very high
9/28/2017,Organic,North Carolina,Product 4,99,2,198,on-time,no,(1) very low
9/28/2017,Returning,Mississippi,Product 3,299,5,1495,delayed,yes,(3) ok
9/28/2017,Returning,Alabama,Product 1,499,3,1497,on-time,no,(5) very high
9/28/2017,Returning,Florida,Product 5,399,4,1596,delayed,no,(4) high
9/28/2017,Organic,Tennessee,Product 5,399,2,798,on-time,no,(1) very low
9/29/2017,Ad,South Carolina,Product 3,299,2,598,on-time,no,(4) high
9/29/2017,Ad,Tennessee,Product 3,299,7,2093,on-time,no,(2) low
9/30/2017,Returning,Florida,Product 4,99,8,792,on-time,no,(3) ok
9/30/2017,Organic,North Carolina,Product 1,499,7,3493,on-time,no,(3) ok
9/30/2017,Organic,Florida,Product 5,399,3,1197,on-time,no,(3) ok
10/1/2017,Ad,South Carolina,Product 5,399,4,1596,delayed,no,(3) ok
10/1/2017,Organic,Tennessee,Product 2,199,10,1990,delayed,no,(1) very low
10/1/2017,Organic,Mississippi,Product 2,199,4,796,delayed,no,(3) ok
10/1/2017,Ad,North Carolina,Product 4,99,5,495,on-time,no,(4) high
10/1/2017,Organic,Georgia,Product 1,499,5,2495,delayed,no,(3) ok
10/1/2017,Ad,Florida,Product 5,399,8,3192,delayed,no,(3) ok
10/1/2017,Returning,Tennessee,Product 3,299,5,1495,delayed,no,(3) ok
10/1/2017,Ad,North Carolina,Product 5,399,9,3591,delayed,no,(3) ok
10/1/2017,Ad,Tennessee,Product 3,299,7,2093,on-time,no,(2) low
10/1/2017,Returning,North Carolina,Product 1,499,1,499,on-time,no,(2) low
10/1/2017,Organic,Georgia,Product 4,99,7,693,delayed,no,(3) ok
10/1/2017,Ad,Alabama,Product 3,299,2,598,on-time,no,(4) high
10/1/2017,Ad,Alabama,Product 5,399,1,399,delayed,no,(3) ok
10/2/2017,Organic,Alabama,Product 3,299,10,2990,on-time,no,(5) very high
10/2/2017,Returning,Georgia,Product 5,399,10,3990,on-time,no,(3) ok
10/2/2017,Organic,Tennessee,Product 4,99,5,495,on-time,no,(3) ok
10/2/2017,Ad,Tennessee,Product 2,199,5,995,on-time,no,(3) ok
10/2/2017,Ad,Tennessee,Product 4,99,2,198,on-time,yes,(1) very low
10/2/2017,Organic,Alabama,Product 2,199,2,398,delayed,no,(2) low
10/2/2017,Organic,Florida,Product 1,499,6,2994,delayed,no,(3) ok
10/3/2017,Organic,Alabama,Product 5,399,9,3591,on-time,no,(5) very high
10/3/2017,Ad,Alabama,Product 1,499,7,3493,on-time,no,(5) very high
10/3/2017,Returning,South Carolina,Product 4,99,4,396,delayed,no,(1) very low
10/4/2017,Organic,Tennessee,Product 1,499,5,2495,on-time,no,(3) ok
10/4/2017,Returning,South Carolina,Product 3,299,10,2990,on-time,no,(2) low
10/4/2017,Ad,South Carolina,Product 2,199,4,796,delayed,no,(2) low
10/4/2017,Returning,Georgia,Product 3,299,3,897,on-time,no,(3) ok
10/4/2017,Ad,Tennessee,Product 4,99,10,990,delayed,no,(3) ok
10/4/2017,Organic,Florida,Product 2,199,10,1990,on-time,no,(4) high
10/5/2017,Organic,Florida,Product 4,99,1,99,on-time,no,(2) low
10/5/2017,Organic,Alabama,Product 2,199,9,1791,on-time,no,(4) high
10/5/2017,Organic,Georgia,Product 5,399,10,3990,on-time,no,(1) very low
10/5/2017,Ad,Alabama,Product 2,199,5,995,on-time,no,(1) very low
10/5/2017,Ad,Alabama,Product 1,499,9,4491,delayed,no,(3) ok
10/5/2017,Returning,Georgia,Product 2,199,2,398,on-time,no,(4) high
10/5/2017,Returning,North Carolina,Product 3,299,5,1495,on-time,no,(3) ok
10/5/2017,Organic,Georgia,Product 4,99,6,594,on-time,no,(3) ok
10/5/2017,Ad,Georgia,Product 3,299,6,1794,delayed,no,(3) ok
10/5/2017,Ad,Alabama,Product 3,299,9,2691,on-time,no,(3) ok
10/5/2017,Organic,Tennessee,Product 5,399,3,1197,delayed,no,(3) ok
10/5/2017,Ad,Tennessee,Product 2,199,2,398,delayed,no,(4) high
10/5/2017,Organic,North Carolina,Product 2,199,1,199,delayed,no,(4) high
10/5/2017,Returning,Tennessee,Product 1,499,1,499,delayed,no,(4) high
10/5/2017,Organic,North Carolina,Product 5,399,4,1596,on-time,no,(2) low
10/5/2017,Ad,Alabama,Product 1,499,2,998,delayed,yes,(3) ok
10/5/2017,Organic,Mississippi,Product 1,499,3,1497,delayed,no,(4) high
10/5/2017,Returning,Alabama,Product 5,399,5,1995,on-time,no,(1) very low
10/5/2017,Ad,Georgia,Product 3,299,7,2093,on-time,no,(3) ok
10/5/2017,Organic,Georgia,Product 2,199,4,796,delayed,no,(3) ok
10/5/2017,Returning,Mississippi,Product 1,499,1,499,on-time,yes,(4) high
10/5/2017,Organic,Florida,Product 2,199,2,398,delayed,yes,(3) ok
10/5/2017,Returning,Florida,Product 1,499,1,499,on-time,no,(3) ok
10/6/2017,Returning,Florida,Product 4,99,8,792,delayed,no,(3) ok
10/6/2017,Organic,Florida,Product 3,299,5,1495,on-time,no,(3) ok
10/6/2017,Ad,Tennessee,Product 4,99,1,99,delayed,no,(1) very low
10/6/2017,Organic,Georgia,Product 1,499,4,1996,on-time,no,(2) low
10/6/2017,Ad,Georgia,Product 4,99,3,297,delayed,no,(3) ok
10/6/2017,Ad,Florida,Product 1,499,3,1497,on-time,no,(1) very low
10/6/2017,Ad,Georgia,Product 4,99,9,891,on-time,no,(4) high
10/6/2017,Ad,South Carolina,Product 1,499,7,3493,on-time,no,(3) ok
10/6/2017,Returning,Mississippi,Product 5,399,7,2793,on-time,yes,(2) low
10/6/2017,Organic,Alabama,Product 5,399,4,1596,delayed,no,(3) ok
10/6/2017,Ad,Georgia,Product 1,499,7,3493,delayed,no,(2) low
10/6/2017,Returning,Mississippi,Product 5,399,7,2793,delayed,no,(2) low
10/6/2017,Returning,South Carolina,Product 4,99,1,99,delayed,no,(3) ok
10/6/2017,Returning,North Carolina,Product 1,499,8,3992,on-time,no,(3) ok
10/7/2017,Returning,South Carolina,Product 1,499,4,1996,delayed,no,(5) very high
10/7/2017,Returning,North Carolina,Product 3,299,5,1495,delayed,no,(2) low
10/7/2017,Organic,Florida,Product 5,399,3,1197,on-time,no,(4) high
10/7/2017,Returning,North Carolina,Product 4,99,4,396,on-time,no,(2) low
10/7/2017,Organic,Tennessee,Product 3,299,8,2392,delayed,no,(3) ok
10/7/2017,Ad,Georgia,Product 1,499,8,3992,on-time,no,(5) very high
10/8/2017,Ad,North Carolina,Product 4,99,2,198,on-time,no,(3) ok
10/8/2017,Ad,Mississippi,Product 4,99,10,990,on-time,no,(5) very high
10/9/2017,Returning,Alabama,Product 2,199,9,1791,on-time,no,(2) low
10/9/2017,Organic,Alabama,Product 3,299,7,2093,delayed,no,(4) high
10/9/2017,Returning,North Carolina,Product 1,499,7,3493,on-time,no,(2) low
10/9/2017,Organic,Georgia,Product 1,499,6,2994,on-time,no,(5) very high
10/10/2017,Organic,North Carolina,Product 5,399,6,2394,delayed,no,(3) ok
10/10/2017,Ad,Mississippi,Product 5,399,10,3990,delayed,no,(3) ok
10/10/2017,Returning,South Carolina,Product 5,399,7,2793,delayed,no,(2) low
10/10/2017,Returning,North Carolina,Product 5,399,1,399,on-time,no,(5) very high
10/10/2017,Organic,South Carolina,Product 5,399,7,2793,on-time,yes,(4) high
10/10/2017,Organic,Alabama,Product 2,199,6,1194,on-time,no,(2) low
10/10/2017,Ad,South Carolina,Product 3,299,2,598,delayed,no,(2) low
10/10/2017,Ad,Florida,Product 2,199,3,597,on-time,no,(2) low
10/10/2017,Organic,Florida,Product 4,99,2,198,on-time,no,(4) high
10/10/2017,Organic,Mississippi,Product 3,299,4,1196,delayed,no,(3) ok
10/10/2017,Organic,Tennessee,Product 4,99,10,990,on-time,no,(3) ok
10/10/2017,Ad,Mississippi,Product 1,499,3,1497,on-time,no,(3) ok
10/10/2017,Ad,Tennessee,Product 5,399,10,3990,on-time,no,(5) very high
10/11/2017,Returning,Florida,Product 5,399,4,1596,on-time,no,(4) high
10/11/2017,Returning,Florida,Product 3,299,1,299,on-time,no,(3) ok
10/12/2017,Returning,Georgia,Product 3,299,8,2392,on-time,no,(4) high
10/12/2017,Returning,Florida,Product 5,399,10,3990,on-time,no,(3) ok
10/12/2017,Ad,Alabama,Product 3,299,5,1495,on-time,no,(3) ok
10/12/2017,Organic,Georgia,Product 5,399,3,1197,on-time,no,(4) high
10/12/2017,Ad,Florida,Product 3,299,8,2392,on-time,yes,(5) very high
10/12/2017,Returning,Alabama,Product 4,99,2,198,delayed,no,(2) low
10/12/2017,Ad,Mississippi,Product 5,399,5,1995,on-time,no,(3) ok
10/13/2017,Ad,Alabama,Product 1,499,5,2495,delayed,no,(4) high
10/14/2017,Returning,Alabama,Product 1,499,2,998,on-time,no,(3) ok
10/14/2017,Organic,Georgia,Product 2,199,3,597,delayed,no,(2) low
10/14/2017,Returning,Tennessee,Product 4,99,3,297,on-time,no,(4) high
10/14/2017,Returning,Tennessee,Product 1,499,7,3493,on-time,no,(1) very low
10/14/2017,Organic,Florida,Product 2,199,10,1990,on-time,no,(3) ok
10/14/2017,Returning,Florida,Product 3,299,3,897,on-time,no,(3) ok
10/14/2017,Organic,Tennessee,Product 3,299,9,2691,delayed,no,(5) very high
10/14/2017,Ad,Mississippi,Product 5,399,8,3192,on-time,no,(5) very high
10/14/2017,Returning,Alabama,Product 2,199,10,1990,on-time,no,(3) ok
10/14/2017,Returning,Mississippi,Product 3,299,1,299,on-time,no,(4) high
10/14/2017,Ad,Georgia,Product 3,299,2,598,delayed,no,(3) ok
10/14/2017,Organic,Alabama,Product 3,299,6,1794,on-time,yes,(1) very low
10/14/2017,Ad,North Carolina,Product 5,399,10,3990,delayed,no,(3) ok
10/14/2017,Organic,South Carolina,Product 3,299,7,2093,on-time,no,(1) very low
10/14/2017,Ad,Georgia,Product 4,99,1,99,on-time,no,(2) low
10/15/2017,Organic,South Carolina,Product 1,499,2,998,delayed,no,(3) ok
10/15/2017,Ad,Florida,Product 2,199,2,398,on-time,no,(3) ok
10/15/2017,Ad,Mississippi,Product 2,199,9,1791,on-time,no,(3) ok
10/16/2017,Returning,Georgia,Product 2,199,4,796,on-time,no,(5) very high
10/17/2017,Returning,Tennessee,Product 2,199,3,597,delayed,no,(3) ok
10/17/2017,Organic,North Carolina,Product 3,299,2,598,delayed,no,(1) very low
10/17/2017,Returning,Florida,Product 5,399,7,2793,on-time,no,(2) low
10/17/2017,Organic,Mississippi,Product 1,499,2,998,delayed,no,(3) ok
10/17/2017,Returning,Florida,Product 4,99,9,891,delayed,no,(4) high
10/18/2017,Ad,Mississippi,Product 3,299,1,299,delayed,no,(3) ok
10/18/2017,Ad,South Carolina,Product 3,299,9,2691,delayed,no,(4) high
10/18/2017,Ad,Tennessee,Product 2,199,2,398,on-time,no,(3) ok
10/18/2017,Organic,Tennessee,Product 5,399,9,3591,on-time,no,(1) very low
10/18/2017,Organic,North Carolina,Product 2,199,8,1592,delayed,no,(4) high
10/18/2017,Organic,South Carolina,Product 1,499,4,1996,on-time,no,(3) ok
10/18/2017,Returning,Florida,Product 4,99,5,495,delayed,yes,(2) low
10/18/2017,Returning,Florida,Product 1,499,2,998,delayed,no,(4) high
10/18/2017,Returning,Mississippi,Product 5,399,1,399,on-time,no,(4) high
10/19/2017,Ad,South Carolina,Product 4,99,2,198,delayed,no,(1) very low
10/19/2017,Returning,South Carolina,Product 3,299,8,2392,on-time,no,(5) very high
10/19/2017,Ad,Tennessee,Product 2,199,7,1393,on-time,no,(3) ok
10/19/2017,Ad,South Carolina,Product 3,299,10,2990,delayed,no,(3) ok
10/19/2017,Organic,North Carolina,Product 2,199,2,398,on-time,yes,(3) ok
10/19/2017,Returning,Mississippi,Product 4,99,2,198,on-time,no,(3) ok
10/19/2017,Organic,North Carolina,Product 4,99,4,396,on-time,no,(3) ok
10/19/2017,Organic,Florida,Product 5,399,3,1197,on-time,yes,(4) high
10/19/2017,Ad,Georgia,Product 1,499,2,998,on-time,no,(5) very high
10/20/2017,Organic,Tennessee,Product 3,299,5,1495,on-time,no,(2) low
10/21/2017,Organic,South Carolina,Product 5,399,10,3990,on-time,no,(4) high
10/21/2017,Returning,Mississippi,Product 2,199,10,1990,on-time,no,(3) ok
10/21/2017,Ad,Alabama,Product 5,399,3,1197,on-time,no,(2) low
10/21/2017,Organic,North Carolina,Product 4,99,6,594,on-time,no,(3) ok
10/21/2017,Organic,Florida,Product 3,299,6,1794,on-time,no,(2) low
10/21/2017,Organic,Alabama,Product 4,99,10,990,on-time,no,(2) low
10/22/2017,Ad,Alabama,Product 4,99,2,198,delayed,no,(3) ok
10/22/2017,Returning,Florida,Product 2,199,5,995,on-time,no,(4) high
10/23/2017,Organic,North Carolina,Product 1,499,1,499,delayed,no,(3) ok
10/23/2017,Ad,South Carolina,Product 2,199,2,398,on-time,no,(2) low
10/23/2017,Organic,Mississippi,Product 4,99,8,792,on-time,no,(2) low
10/23/2017,Organic,North Carolina,Product 3,299,10,2990,on-time,no,(4) high
10/23/2017,Organic,South Carolina,Product 4,99,2,198,delayed,yes,(4) high
10/23/2017,Ad,Alabama,Product 4,99,5,495,on-time,yes,(5) very high
10/23/2017,Ad,South Carolina,Product 1,499,2,998,delayed,no,(1) very low
10/23/2017,Ad,North Carolina,Product 2,199,10,1990,delayed,no,(4) high
10/23/2017,Returning,Florida,Product 4,99,1,99,on-time,yes,(2) low
10/23/2017,Organic,Georgia,Product 2,199,8,1592,on-time,no,(1) very low
10/23/2017,Ad,South Carolina,Product 3,299,2,598,delayed,no,(3) ok
10/23/2017,Organic,Georgia,Product 4,99,5,495,on-time,no,(2) low
10/23/2017,Ad,South Carolina,Product 5,399,4,1596,on-time,no,(3) ok
10/23/2017,Ad,South Carolina,Product 5,399,10,3990,on-time,no,(4) high
10/23/2017,Returning,Florida,Product 1,499,7,3493,on-time,no,(4) high
10/23/2017,Organic,Alabama,Product 4,99,3,297,on-time,no,(3) ok
10/23/2017,Organic,Georgia,Product 2,199,3,597,on-time,no,(5) very high
10/23/2017,Returning,Tennessee,Product 5,399,10,3990,on-time,no,(4) high
10/24/2017,Returning,Mississippi,Product 1,499,6,2994,on-time,no,(3) ok
10/25/2017,Organic,North Carolina,Product 2,199,5,995,on-time,no,(3) ok
10/25/2017,Organic,Tennessee,Product 1,499,5,2495,on-time,no,(3) ok
10/25/2017,Organic,Florida,Product 5,399,7,2793,on-time,no,(3) ok
10/26/2017,Ad,North Carolina,Product 3,299,8,2392,on-time,no,(2) low
10/27/2017,Organic,Mississippi,Product 4,99,8,792,on-time,no,(2) low
10/27/2017,Returning,South Carolina,Product 2,199,10,1990,on-time,no,(3) ok
10/27/2017,Organic,Florida,Product 1,499,10,4990,delayed,no,(1) very low
10/27/2017,Organic,Georgia,Product 1,499,3,1497,on-time,no,(2) low
10/27/2017,Ad,Florida,Product 5,399,1,399,on-time,no,(3) ok
10/27/2017,Ad,Georgia,Product 4,99,6,594,delayed,yes,(3) ok
10/27/2017,Ad,South Carolina,Product 3,299,9,2691,on-time,no,(3) ok
10/28/2017,Organic,Florida,Product 1,499,9,4491,on-time,no,(1) very low
10/28/2017,Returning,Tennessee,Product 4,99,5,495,on-time,no,(2) low
10/28/2017,Organic,Florida,Product 3,299,4,1196,delayed,no,(2) low
10/28/2017,Ad,North Carolina,Product 2,199,2,398,on-time,no,(4) high
10/28/2017,Returning,Alabama,Product 3,299,5,1495,on-time,no,(2) low
10/28/2017,Returning,North Carolina,Product 2,199,7,1393,on-time,no,(3) ok
10/28/2017,Returning,North Carolina,Product 4,99,1,99,on-time,no,(5) very high
10/28/2017,Ad,North Carolina,Product 2,199,9,1791,delayed,no,(4) high
10/28/2017,Ad,Florida,Product 2,199,1,199,on-time,no,(2) low
10/28/2017,Organic,South Carolina,Product 4,99,8,792,delayed,no,(3) ok
10/28/2017,Returning,Mississippi,Product 2,199,7,1393,on-time,no,(2) low
10/28/2017,Organic,Alabama,Product 4,99,8,792,delayed,no,(3) ok
10/28/2017,Organic,Florida,Product 3,299,5,1495,delayed,no,(3) ok
10/28/2017,Returning,Mississippi,Product 1,499,5,2495,delayed,no,(4) high
10/28/2017,Ad,North Carolina,Product 3,299,2,598,on-time,no,(3) ok
10/28/2017,Returning,Georgia,Product 2,199,9,1791,delayed,no,(2) low
10/29/2017,Ad,Georgia,Product 2,199,7,1393,delayed,no,(3) ok
10/29/2017,Ad,Florida,Product 2,199,9,1791,on-time,yes,(4) high
10/30/2017,Returning,South Carolina,Product 2,199,3,597,on-time,no,(2) low
10/30/2017,Ad,South Carolina,Product 3,299,10,2990,on-time,no,(3) ok
10/30/2017,Ad,Georgia,Product 4,99,5,495,on-time,no,(3) ok
10/30/2017,Organic,North Carolina,Product 2,199,8,1592,on-time,no,(4) high
10/30/2017,Ad,Tennessee,Product 3,299,1,299,on-time,yes,(4) high
10/30/2017,Returning,Florida,Product 1,499,1,499,on-time,yes,(2) low
10/30/2017,Ad,North Carolina,Product 3,299,10,2990,on-time,no,(2) low
10/30/2017,Organic,North Carolina,Product 2,199,1,199,delayed,no,(3) ok
10/30/2017,Ad,Florida,Product 2,199,4,796,on-time,no,(4) high
10/30/2017,Returning,South Carolina,Product 1,499,1,499,on-time,yes,(5) very high
10/30/2017,Returning,Alabama,Product 1,499,9,4491,on-time,no,(1) very low
10/30/2017,Returning,North Carolina,Product 2,199,7,1393,on-time,no,(3) ok
10/30/2017,Organic,Alabama,Product 4,99,1,99,on-time,yes,(4) high
10/30/2017,Returning,Tennessee,Product 3,299,8,2392,on-time,no,(5) very high
10/30/2017,Returning,North Carolina,Product 1,499,1,499,delayed,no,(3) ok
10/30/2017,Ad,Mississippi,Product 2,199,5,995,delayed,no,(1) very low
10/30/2017,Returning,Tennessee,Product 4,99,2,198,on-time,no,(5) very high
10/31/2017,Organic,Mississippi,Product 4,99,2,198,on-time,no,(4) high
11/1/2017,Returning,Alabama,Product 5,399,7,2793,delayed,no,(2) low
11/1/2017,Organic,North Carolina,Product 3,299,5,1495,on-time,no,(3) ok
11/1/2017,Ad,South Carolina,Product 3,299,5,1495,on-time,no,(5) very high
11/1/2017,Returning,Georgia,Product 2,199,3,597,on-time,no,(4) high
11/1/2017,Ad,Georgia,Product 2,199,5,995,on-time,no,(2) low
11/1/2017,Ad,Georgia,Product 3,299,6,1794,on-time,no,(3) ok
11/1/2017,Organic,Florida,Product 5,399,9,3591,delayed,no,(2) low
11/1/2017,Returning,Florida,Product 2,199,8,1592,on-time,no,(4) high
11/1/2017,Organic,Alabama,Product 3,299,3,897,on-time,no,(2) low
11/1/2017,Ad,Georgia,Product 4,99,6,594,on-time,no,(4) high
11/1/2017,Ad,Georgia,Product 1,499,4,1996,on-time,no,(2) low
11/1/2017,Returning,Alabama,Product 1,499,8,3992,delayed,no,(4) high
11/1/2017,Organic,Alabama,Product 3,299,2,598,on-time,no,(4) high
11/1/2017,Ad,Florida,Product 1,499,4,1996,delayed,no,(2) low
11/1/2017,Organic,Georgia,Product 5,399,9,3591,on-time,no,(3) ok
11/1/2017,Organic,Alabama,Product 3,299,10,2990,on-time,no,(3) ok
11/1/2017,Ad,Mississippi,Product 1,499,10,4990,on-time,no,(3) ok
11/1/2017,Returning,North Carolina,Product 4,99,1,99,on-time,no,(3) ok
11/1/2017,Returning,South Carolina,Product 4,99,2,198,on-time,no,(3) ok
11/1/2017,Organic,Georgia,Product 4,99,5,495,delayed,no,(3) ok
11/1/2017,Returning,Florida,Product 3,299,6,1794,on-time,no,(2) low
11/1/2017,Returning,North Carolina,Product 2,199,4,796,on-time,no,(3) ok
11/1/2017,Ad,Alabama,Product 1,499,3,1497,on-time,no,(3) ok
11/1/2017,Organic,Tennessee,Product 3,299,1,299,delayed,no,(2) low
11/2/2017,Returning,Mississippi,Product 5,399,9,3591,on-time,no,(5) very high
11/3/2017,Returning,Alabama,Product 2,199,2,398,on-time,no,(2) low
11/3/2017,Returning,Mississippi,Product 3,299,1,299,on-time,no,(5) very high
11/3/2017,Ad,Georgia,Product 1,499,7,3493,on-time,no,(5) very high
11/3/2017,Returning,Tennessee,Product 1,499,9,4491,delayed,no,(1) very low
11/3/2017,Returning,Tennessee,Product 3,299,6,1794,on-time,no,(2) low
11/3/2017,Ad,South Carolina,Product 5,399,5,1995,on-time,no,(3) ok
11/4/2017,Ad,Tennessee,Product 2,199,3,597,on-time,no,(2) low
11/5/2017,Returning,Tennessee,Product 2,199,4,796,delayed,no,(5) very high
11/5/2017,Organic,Mississippi,Product 5,399,4,1596,on-time,no,(2) low
11/5/2017,Ad,Tennessee,Product 1,499,4,1996,delayed,no,(5) very high
11/5/2017,Organic,Florida,Product 3,299,7,2093,on-time,no,(3) ok
11/5/2017,Organic,Florida,Product 2,199,4,796,on-time,no,(2) low
11/5/2017,Ad,South Carolina,Product 4,99,4,396,on-time,no,(2) low
11/5/2017,Returning,Florida,Product 1,499,6,2994,delayed,no,(2) low
11/5/2017,Organic,Florida,Product 2,199,9,1791,delayed,no,(2) low
11/5/2017,Organic,Tennessee,Product 2,199,7,1393,delayed,no,(2) low
11/5/2017,Ad,Florida,Product 4,99,7,693,on-time,no,(2) low
11/5/2017,Returning,North Carolina,Product 2,199,2,398,on-time,no,(5) very high
11/6/2017,Ad,Georgia,Product 2,199,7,1393,on-time,no,(1) very low
11/7/2017,Organic,North Carolina,Product 2,199,2,398,on-time,no,(2) low
11/7/2017,Organic,Alabama,Product 2,199,10,1990,delayed,no,(2) low
11/7/2017,Organic,North Carolina,Product 3,299,10,2990,on-time,no,(3) ok
11/7/2017,Ad,Florida,Product 5,399,1,399,delayed,yes,(2) low
11/7/2017,Ad,North Carolina,Product 2,199,9,1791,on-time,no,(2) low
11/7/2017,Organic,Tennessee,Product 2,199,4,796,on-time,no,(5) very high
11/7/2017,Organic,North Carolina,Product 4,99,9,891,on-time,no,(4) high
11/7/2017,Organic,North Carolina,Product 3,299,9,2691,on-time,no,(3) ok
11/7/2017,Ad,Alabama,Product 3,299,7,2093,delayed,no,(2) low
11/7/2017,Organic,Mississippi,Product 3,299,7,2093,on-time,yes,(4) high
11/8/2017,Ad,Tennessee,Product 5,399,8,3192,on-time,yes,(4) high
11/8/2017,Ad,South Carolina,Product 1,499,1,499,on-time,no,(5) very high
11/9/2017,Organic,Mississippi,Product 4,99,5,495,on-time,no,(4) high
11/9/2017,Organic,Tennessee,Product 3,299,8,2392,delayed,no,(3) ok
11/9/2017,Ad,Mississippi,Product 2,199,6,1194,delayed,no,(1) very low
11/9/2017,Organic,Tennessee,Product 4,99,6,594,on-time,no,(2) low
11/9/2017,Returning,North Carolina,Product 5,399,2,798,delayed,no,(3) ok
11/9/2017,Returning,Tennessee,Product 4,99,7,693,on-time,no,(5) very high
11/9/2017,Ad,North Carolina,Product 4,99,3,297,on-time,no,(2) low
11/9/2017,Returning,Georgia,Product 2,199,3,597,on-time,no,(5) very high
11/9/2017,Organic,Florida,Product 2,199,6,1194,on-time,no,(4) high
11/9/2017,Returning,Florida,Product 4,99,2,198,on-time,no,(1) very low
11/9/2017,Returning,Mississippi,Product 3,299,8,2392,on-time,no,(4) high
11/9/2017,Organic,Tennessee,Product 1,499,1,499,delayed,no,(3) ok
11/10/2017,Returning,South Carolina,Product 1,499,8,3992,on-time,no,(1) very low
11/10/2017,Organic,North Carolina,Product 1,499,2,998,on-time,no,(2) low
11/10/2017,Ad,North Carolina,Product 2,199,8,1592,on-time,no,(1) very low
11/10/2017,Organic,Alabama,Product 4,99,9,891,on-time,no,(2) low
11/10/2017,Ad,Georgia,Product 5,399,5,1995,on-time,yes,(4) high
11/10/2017,Ad,Tennessee,Product 1,499,8,3992,delayed,no,(4) high
11/10/2017,Organic,South Carolina,Product 3,299,5,1495,on-time,no,(3) ok
11/10/2017,Returning,South Carolina,Product 4,99,6,594,on-time,no,(3) ok
11/10/2017,Ad,Mississippi,Product 5,399,8,3192,delayed,no,(3) ok
11/10/2017,Returning,Georgia,Product 5,399,6,2394,on-time,no,(3) ok
11/10/2017,Returning,North Carolina,Product 5,399,6,2394,on-time,no,(3) ok
11/10/2017,Ad,Tennessee,Product 4,99,1,99,on-time,no,(3) ok
11/10/2017,Organic,Alabama,Product 2,199,4,796,on-time,no,(4) high
11/10/2017,Ad,Alabama,Product 1,499,7,3493,delayed,no,(3) ok
11/10/2017,Organic,South Carolina,Product 3,299,10,2990,delayed,no,(1) very low
11/10/2017,Organic,Florida,Product 4,99,3,297,on-time,yes,(3) ok
11/10/2017,Organic,Tennessee,Product 1,499,4,1996,on-time,no,(5) very high
11/10/2017,Ad,Tennessee,Product 1,499,10,4990,delayed,no,(3) ok
11/10/2017,Returning,Georgia,Product 3,299,8,2392,on-time,no,(1) very low
11/10/2017,Ad,Alabama,Product 1,499,2,998,delayed,yes,(1) very low
11/10/2017,Ad,South Carolina,Product 1,499,6,2994,on-time,no,(3) ok
11/10/2017,Ad,Mississippi,Product 5,399,4,1596,on-time,no,(4) high
11/10/2017,Ad,South Carolina,Product 5,399,7,2793,delayed,no,(2) low
11/10/2017,Ad,North Carolina,Product 5,399,6,2394,delayed,no,(2) low
11/10/2017,Organic,Florida,Product 3,299,10,2990,on-time,no,(4) high
11/11/2017,Ad,Alabama,Product 3,299,8,2392,delayed,no,(5) very high
11/11/2017,Ad,South Carolina,Product 3,299,7,2093,on-time,no,(4) high
11/12/2017,Ad,Mississippi,Product 4,99,4,396,delayed,yes,(2) low
11/12/2017,Ad,Tennessee,Product 2,199,3,597,delayed,no,(3) ok
11/12/2017,Ad,South Carolina,Product 4,99,10,990,delayed,no,(3) ok
11/12/2017,Organic,South Carolina,Product 4,99,7,693,delayed,no,(3) ok
11/12/2017,Returning,Tennessee,Product 5,399,6,2394,delayed,no,(4) high
11/12/2017,Ad,North Carolina,Product 3,299,7,2093,delayed,no,(4) high
11/12/2017,Returning,Tennessee,Product 5,399,1,399,on-time,no,(3) ok
11/12/2017,Organic,Mississippi,Product 2,199,6,1194,on-time,no,(4) high
11/12/2017,Organic,South Carolina,Product 3,299,10,2990,delayed,no,(3) ok
11/13/2017,Organic,Georgia,Product 2,199,9,1791,on-time,no,(3) ok
11/13/2017,Organic,Mississippi,Product 5,399,9,3591,on-time,no,(2) low
11/13/2017,Returning,Tennessee,Product 2,199,3,597,on-time,no,(1) very low
11/13/2017,Returning,North Carolina,Product 2,199,6,1194,on-time,no,(3) ok
11/14/2017,Returning,South Carolina,Product 3,299,8,2392,on-time,no,(5) very high
11/15/2017,Returning,North Carolina,Product 4,99,2,198,on-time,no,(2) low
11/15/2017,Ad,Alabama,Product 5,399,7,2793,on-time,no,(3) ok
11/15/2017,Organic,Tennessee,Product 4,99,2,198,delayed,no,(4) high
11/15/2017,Ad,Georgia,Product 2,199,4,796,on-time,no,(3) ok
11/15/2017,Organic,North Carolina,Product 3,299,1,299,on-time,no,(3) ok
11/15/2017,Organic,Mississippi,Product 1,499,7,3493,delayed,no,(2) low
11/15/2017,Ad,North Carolina,Product 2,199,8,1592,on-time,no,(2) low
11/15/2017,Organic,Georgia,Product 3,299,6,1794,on-time,no,(4) high
11/15/2017,Organic,Georgia,Product 1,499,4,1996,on-time,no,(3) ok
11/15/2017,Organic,Alabama,Product 5,399,3,1197,on-time,no,(2) low
11/16/2017,Organic,Florida,Product 3,299,3,897,on-time,no,(3) ok
11/16/2017,Organic,Mississippi,Product 3,299,2,598,on-time,no,(1) very low
11/16/2017,Ad,Mississippi,Product 4,99,10,990,on-time,no,(4) high
11/16/2017,Returning,Mississippi,Product 1,499,2,998,on-time,no,(2) low
11/16/2017,Organic,South Carolina,Product 2,199,5,995,on-time,no,(3) ok
11/16/2017,Ad,Florida,Product 5,399,3,1197,delayed,no,(1) very low
11/16/2017,Organic,North Carolina,Product 3,299,9,2691,on-time,no,(3) ok
11/16/2017,Returning,Mississippi,Product 1,499,6,2994,on-time,no,(2) low
11/16/2017,Organic,Georgia,Product 2,199,5,995,on-time,no,(4) high
11/16/2017,Organic,Georgia,Product 1,499,6,2994,on-time,no,(1) very low
11/16/2017,Ad,Tennessee,Product 1,499,9,4491,delayed,no,(2) low
11/16/2017,Returning,North Carolina,Product 4,99,1,99,on-time,no,(2) low
11/16/2017,Organic,Florida,Product 1,499,10,4990,on-time,no,(4) high
11/16/2017,Ad,Alabama,Product 5,399,1,399,on-time,no,(3) ok
11/16/2017,Returning,Alabama,Product 5,399,10,3990,on-time,no,(3) ok
11/16/2017,Ad,North Carolina,Product 1,499,8,3992,on-time,no,(3) ok
11/16/2017,Ad,Mississippi,Product 3,299,1,299,on-time,no,(3) ok
11/17/2017,Returning,Tennessee,Product 3,299,7,2093,delayed,no,(2) low
11/17/2017,Ad,Mississippi,Product 5,399,10,3990,on-time,no,(4) high
11/18/2017,Returning,Florida,Product 1,499,6,2994,on-time,no,(3) ok
11/18/2017,Ad,Florida,Product 3,299,5,1495,delayed,no,(2) low
11/18/2017,Ad,Mississippi,Product 5,399,4,1596,on-time,no,(2) low
11/18/2017,Ad,Florida,Product 5,399,8,3192,on-time,no,(3) ok
11/19/2017,Ad,Georgia,Product 5,399,3,1197,on-time,no,(3) ok
11/19/2017,Ad,Florida,Product 5,399,3,1197,on-time,no,(3) ok
11/19/2017,Organic,Florida,Product 5,399,9,3591,delayed,no,(1) very low
11/19/2017,Returning,Alabama,Product 1,499,5,2495,delayed,no,(2) low
11/20/2017,Organic,Mississippi,Product 4,99,9,891,on-time,yes,(3) ok
11/20/2017,Returning,Alabama,Product 2,199,3,597,delayed,no,(3) ok
11/20/2017,Organic,Georgia,Product 5,399,3,1197,on-time,no,(3) ok
11/20/2017,Ad,Mississippi,Product 2,199,8,1592,delayed,no,(2) low
11/20/2017,Returning,Mississippi,Product 1,499,3,1497,on-time,yes,(3) ok
11/21/2017,Ad,Tennessee,Product 2,199,4,796,on-time,no,(3) ok
11/21/2017,Returning,North Carolina,Product 4,99,4,396,on-time,no,(3) ok
11/21/2017,Organic,Tennessee,Product 5,399,7,2793,on-time,no,(2) low
11/22/2017,Ad,Mississippi,Product 2,199,3,597,on-time,no,(5) very high
11/22/2017,Returning,Georgia,Product 5,399,5,1995,on-time,no,(1) very low
11/22/2017,Organic,North Carolina,Product 2,199,1,199,on-time,no,(2) low
11/22/2017,Organic,Florida,Product 4,99,10,990,on-time,no,(3) ok
11/22/2017,Organic,Mississippi,Product 3,299,10,2990,on-time,yes,(3) ok
11/23/2017,Organic,Florida,Product 3,299,6,1794,on-time,no,(5) very high
11/23/2017,Organic,South Carolina,Product 4,99,4,396,on-time,no,(3) ok
11/23/2017,Ad,South Carolina,Product 5,399,8,3192,on-time,no,(3) ok
11/24/2017,Ad,South Carolina,Product 4,99,1,99,delayed,no,(4) high
11/24/2017,Organic,Alabama,Product 4,99,5,495,on-time,no,(5) very high
11/25/2017,Returning,South Carolina,Product 2,199,1,199,delayed,no,(2) low
11/25/2017,Ad,Mississippi,Product 2,199,9,1791,on-time,no,(4) high
11/25/2017,Returning,Florida,Product 4,99,6,594,on-time,no,(1) very low
11/25/2017,Ad,Georgia,Product 5,399,2,798,on-time,no,(3) ok
11/25/2017,Returning,Florida,Product 4,99,1,99,on-time,no,(3) ok
11/25/2017,Ad,Tennessee,Product 1,499,1,499,on-time,no,(4) high
11/25/2017,Returning,Mississippi,Product 4,99,4,396,delayed,no,(4) high
11/25/2017,Organic,South Carolina,Product 4,99,5,495,on-time,no,(1) very low
11/25/2017,Organic,North Carolina,Product 1,499,5,2495,delayed,no,(2) low
11/25/2017,Organic,South Carolina,Product 2,199,5,995,delayed,no,(2) low
11/25/2017,Ad,Alabama,Product 5,399,5,1995,on-time,no,(3) ok
11/25/2017,Ad,Georgia,Product 4,99,4,396,on-time,no,(5) very high
11/25/2017,Organic,South Carolina,Product 3,299,9,2691,delayed,no,(3) ok
11/25/2017,Returning,Tennessee,Product 5,399,9,3591,on-time,no,(1) very low
11/25/2017,Ad,South Carolina,Product 5,399,6,2394,on-time,no,(3) ok
11/25/2017,Returning,Florida,Product 3,299,8,2392,delayed,no,(4) high
11/25/2017,Ad,Tennessee,Product 1,499,5,2495,on-time,no,(1) very low
11/25/2017,Returning,Alabama,Product 5,399,2,798,on-time,no,(2) low
11/25/2017,Returning,Florida,Product 1,499,8,3992,on-time,no,(3) ok
11/25/2017,Ad,Tennessee,Product 2,199,5,995,on-time,no,(1) very low
11/25/2017,Returning,Alabama,Product 4,99,10,990,on-time,no,(2) low
11/25/2017,Ad,Florida,Product 3,299,3,897,delayed,no,(4) high
11/25/2017,Organic,Alabama,Product 2,199,9,1791,on-time,no,(4) high
11/25/2017,Organic,South Carolina,Product 5,399,5,1995,delayed,no,(1) very low
11/25/2017,Organic,Mississippi,Product 2,199,4,796,on-time,no,(2) low
11/25/2017,Organic,North Carolina,Product 3,299,2,598,on-time,yes,(3) ok
11/25/2017,Returning,Georgia,Product 4,99,9,891,delayed,no,(5) very high
11/25/2017,Organic,Tennessee,Product 4,99,7,693,on-time,no,(3) ok
11/25/2017,Organic,Florida,Product 2,199,6,1194,on-time,yes,(1) very low
11/25/2017,Organic,Alabama,Product 1,499,7,3493,on-time,no,(1) very low
11/25/2017,Ad,Tennessee,Product 2,199,5,995,on-time,yes,(3) ok
11/26/2017,Organic,South Carolina,Product 3,299,10,2990,on-time,no,(3) ok
11/26/2017,Ad,Georgia,Product 2,199,5,995,on-time,no,(4) high
11/27/2017,Organic,Georgia,Product 1,499,8,3992,on-time,no,(3) ok
11/28/2017,Organic,Florida,Product 1,499,9,4491,on-time,no,(3) ok
11/28/2017,Ad,Tennessee,Product 3,299,3,897,on-time,no,(2) low
11/28/2017,Returning,Tennessee,Product 3,299,10,2990,delayed,yes,(1) very low
11/28/2017,Ad,Alabama,Product 5,399,3,1197,delayed,yes,(3) ok
11/28/2017,Organic,Florida,Product 1,499,8,3992,delayed,yes,(1) very low
11/28/2017,Ad,Florida,Product 3,299,5,1495,on-time,no,(2) low
11/28/2017,Organic,Alabama,Product 1,499,1,499,on-time,no,(3) ok
11/29/2017,Organic,Alabama,Product 1,499,1,499,on-time,no,(2) low
11/29/2017,Returning,South Carolina,Product 3,299,1,299,on-time,no,(2) low
11/29/2017,Ad,North Carolina,Product 4,99,5,495,on-time,no,(3) ok
11/30/2017,Ad,South Carolina,Product 5,399,5,1995,on-time,no,(5) very high
12/1/2017,Returning,North Carolina,Product 1,499,3,1497,on-time,no,(3) ok
12/1/2017,Organic,North Carolina,Product 1,499,8,3992,on-time,no,(3) ok
12/1/2017,Ad,Tennessee,Product 1,499,3,1497,delayed,no,(3) ok
12/1/2017,Organic,Florida,Product 5,399,2,798,delayed,no,(3) ok
12/1/2017,Returning,Tennessee,Product 5,399,6,2394,on-time,no,(3) ok
12/1/2017,Returning,Mississippi,Product 5,399,8,3192,on-time,no,(3) ok
12/2/2017,Organic,Florida,Product 3,299,6,1794,delayed,no,(4) high
12/2/2017,Organic,Georgia,Product 3,299,2,598,on-time,no,(3) ok
12/2/2017,Returning,Georgia,Product 2,199,10,1990,on-time,no,(1) very low
12/2/2017,Returning,Georgia,Product 2,199,10,1990,on-time,no,(3) ok
12/2/2017,Organic,North Carolina,Product 2,199,5,995,on-time,no,(3) ok
12/2/2017,Ad,North Carolina,Product 2,199,3,597,delayed,no,(2) low
12/2/2017,Returning,Georgia,Product 3,299,3,897,on-time,yes,(3) ok
12/2/2017,Returning,North Carolina,Product 5,399,3,1197,delayed,no,(2) low
12/3/2017,Returning,Mississippi,Product 3,299,8,2392,delayed,yes,(3) ok
12/3/2017,Ad,Georgia,Product 3,299,4,1196,on-time,no,(3) ok
12/3/2017,Organic,Florida,Product 3,299,6,1794,on-time,yes,(2) low
12/3/2017,Ad,Tennessee,Product 5,399,5,1995,on-time,no,(4) high
12/3/2017,Ad,Tennessee,Product 4,99,5,495,on-time,no,(4) high
12/3/2017,Organic,Mississippi,Product 1,499,5,2495,on-time,no,(2) low
12/3/2017,Ad,Florida,Product 1,499,7,3493,delayed,no,(3) ok
12/3/2017,Returning,North Carolina,Product 3,299,7,2093,on-time,no,(1) very low
12/3/2017,Organic,South Carolina,Product 3,299,4,1196,on-time,no,(2) low
12/3/2017,Organic,Georgia,Product 2,199,5,995,delayed,no,(3) ok
12/3/2017,Returning,South Carolina,Product 5,399,4,1596,delayed,yes,(2) low
12/3/2017,Ad,Florida,Product 3,299,6,1794,on-time,no,(2) low
12/3/2017,Organic,Mississippi,Product 3,299,5,1495,on-time,yes,(1) very low
12/3/2017,Ad,Georgia,Product 5,399,2,798,delayed,no,(2) low
12/3/2017,Organic,Tennessee,Product 2,199,8,1592,delayed,no,(3) ok
12/4/2017,Organic,North Carolina,Product 5,399,3,1197,delayed,no,(4) high
12/4/2017,Returning,Alabama,Product 1,499,7,3493,on-time,no,(4) high
12/4/2017,Returning,Florida,Product 1,499,5,2495,on-time,no,(3) ok
12/4/2017,Ad,South Carolina,Product 4,99,7,693,delayed,yes,(2) low
12/4/2017,Returning,South Carolina,Product 1,499,6,2994,on-time,no,(3) ok
12/4/2017,Returning,Tennessee,Product 5,399,8,3192,delayed,no,(1) very low
12/4/2017,Returning,Mississippi,Product 4,99,5,495,on-time,no,(1) very low
12/4/2017,Organic,North Carolina,Product 1,499,10,4990,delayed,no,(3) ok
12/5/2017,Organic,Alabama,Product 4,99,4,396,delayed,no,(3) ok
12/5/2017,Ad,Georgia,Product 2,199,8,1592,delayed,no,(1) very low
12/5/2017,Ad,Florida,Product 1,499,9,4491,on-time,no,(4) high
12/5/2017,Ad,Mississippi,Product 3,299,6,1794,delayed,no,(4) high
12/5/2017,Organic,Florida,Product 5,399,6,2394,on-time,yes,(2) low
12/5/2017,Organic,Mississippi,Product 1,499,5,2495,delayed,no,(3) ok
12/5/2017,Ad,Florida,Product 1,499,7,3493,delayed,no,(2) low
12/5/2017,Returning,Florida,Product 4,99,5,495,on-time,no,(3) ok
12/5/2017,Organic,South Carolina,Product 4,99,2,198,on-time,no,(3) ok
12/5/2017,Organic,Mississippi,Product 3,299,10,2990,delayed,no,(4) high
12/5/2017,Returning,Alabama,Product 4,99,7,693,on-time,yes,(3) ok
12/6/2017,Organic,Florida,Product 1,499,5,2495,on-time,no,(3) ok
12/7/2017,Organic,South Carolina,Product 2,199,10,1990,on-time,no,(2) low
12/7/2017,Returning,South Carolina,Product 2,199,10,1990,on-time,no,(3) ok
12/7/2017,Returning,Tennessee,Product 5,399,10,3990,on-time,yes,(3) ok
12/7/2017,Ad,Tennessee,Product 3,299,6,1794,delayed,no,(1) very low
12/7/2017,Returning,Mississippi,Product 3,299,10,2990,on-time,no,(3) ok
12/7/2017,Ad,Georgia,Product 5,399,6,2394,delayed,no,(3) ok
12/7/2017,Ad,Georgia,Product 5,399,4,1596,delayed,no,(3) ok
12/8/2017,Returning,Florida,Product 1,499,6,2994,delayed,no,(3) ok
12/8/2017,Organic,North Carolina,Product 3,299,10,2990,on-time,no,(3) ok
12/9/2017,Returning,North Carolina,Product 5,399,5,1995,on-time,no,(2) low
12/9/2017,Returning,Florida,Product 3,299,8,2392,on-time,no,(2) low
12/9/2017,Returning,Mississippi,Product 5,399,5,1995,on-time,no,(3) ok
12/9/2017,Organic,Alabama,Product 2,199,10,1990,delayed,no,(3) ok
12/9/2017,Organic,Mississippi,Product 4,99,8,792,delayed,no,(3) ok
12/9/2017,Ad,Alabama,Product 1,499,1,499,delayed,no,(3) ok
12/10/2017,Returning,South Carolina,Product 4,99,1,99,on-time,no,(3) ok
12/11/2017,Returning,Tennessee,Product 5,399,8,3192,delayed,no,(2) low
12/11/2017,Returning,Tennessee,Product 1,499,3,1497,delayed,no,(4) high
12/11/2017,Returning,Alabama,Product 3,299,2,598,on-time,no,(3) ok
12/11/2017,Ad,South Carolina,Product 4,99,4,396,on-time,no,(3) ok
12/12/2017,Returning,Georgia,Product 1,499,5,2495,delayed,no,(2) low
12/12/2017,Ad,North Carolina,Product 2,199,9,1791,on-time,no,(4) high
12/12/2017,Organic,Georgia,Product 3,299,1,299,on-time,no,(1) very low
12/12/2017,Organic,Alabama,Product 5,399,3,1197,on-time,yes,(4) high
12/12/2017,Organic,South Carolina,Product 2,199,8,1592,on-time,no,(4) high
12/12/2017,Ad,Alabama,Product 1,499,6,2994,on-time,no,(4) high
12/12/2017,Organic,Alabama,Product 4,99,6,594,on-time,no,(1) very low
12/12/2017,Returning,Tennessee,Product 3,299,7,2093,on-time,no,(2) low
12/12/2017,Organic,Tennessee,Product 3,299,7,2093,delayed,no,(3) ok
12/13/2017,Organic,Tennessee,Product 4,99,1,99,on-time,no,(3) ok
12/13/2017,Ad,Mississippi,Product 3,299,6,1794,delayed,yes,(5) very high
12/13/2017,Returning,Florida,Product 2,199,5,995,delayed,no,(3) ok
12/13/2017,Ad,Mississippi,Product 3,299,10,2990,on-time,no,(3) ok
12/13/2017,Ad,Alabama,Product 1,499,6,2994,on-time,no,(2) low
12/13/2017,Returning,North Carolina,Product 3,299,10,2990,on-time,no,(1) very low
12/14/2017,Organic,Mississippi,Product 2,199,5,995,on-time,no,(1) very low
12/14/2017,Returning,North Carolina,Product 3,299,8,2392,delayed,no,(4) high
12/14/2017,Organic,Alabama,Product 3,299,8,2392,delayed,no,(3) ok
12/14/2017,Ad,Florida,Product 2,199,9,1791,delayed,yes,(4) high
12/14/2017,Returning,South Carolina,Product 4,99,8,792,delayed,no,(3) ok
12/14/2017,Organic,Mississippi,Product 3,299,9,2691,on-time,no,(3) ok
12/14/2017,Organic,South Carolina,Product 4,99,6,594,on-time,no,(4) high
12/14/2017,Ad,Georgia,Product 1,499,9,4491,delayed,no,(5) very high
12/14/2017,Organic,Mississippi,Product 4,99,2,198,delayed,yes,(4) high
12/15/2017,Returning,Georgia,Product 3,299,2,598,on-time,no,(1) very low
12/15/2017,Returning,Georgia,Product 4,99,10,990,delayed,no,(3) ok
12/16/2017,Organic,Florida,Product 5,399,2,798,on-time,no,(4) high
12/16/2017,Returning,North Carolina,Product 5,399,6,2394,on-time,no,(5) very high
12/16/2017,Organic,Florida,Product 3,299,6,1794,on-time,yes,(1) very low
12/16/2017,Ad,Florida,Product 4,99,9,891,delayed,no,(5) very high
12/17/2017,Organic,Alabama,Product 5,399,5,1995,on-time,no,(3) ok
12/17/2017,Ad,South Carolina,Product 3,299,9,2691,on-time,yes,(2) low
12/17/2017,Ad,Tennessee,Product 3,299,1,299,on-time,no,(5) very high
12/17/2017,Ad,Florida,Product 3,299,1,299,on-time,no,(4) high
12/18/2017,Organic,Georgia,Product 5,399,8,3192,on-time,yes,(2) low
12/18/2017,Organic,Tennessee,Product 4,99,10,990,delayed,no,(2) low
12/18/2017,Returning,South Carolina,Product 4,99,4,396,on-time,no,(2) low
12/18/2017,Returning,North Carolina,Product 3,299,6,1794,delayed,no,(3) ok
12/18/2017,Returning,Mississippi,Product 1,499,10,4990,on-time,yes,(4) high
12/18/2017,Ad,Tennessee,Product 2,199,9,1791,on-time,no,(2) low
12/19/2017,Returning,Tennessee,Product 1,499,6,2994,delayed,no,(3) ok
12/19/2017,Organic,Alabama,Product 3,299,3,897,on-time,no,(4) high
12/20/2017,Ad,Tennessee,Product 2,199,9,1791,delayed,no,(1) very low
12/20/2017,Ad,Alabama,Product 4,99,4,396,on-time,no,(4) high
12/20/2017,Ad,North Carolina,Product 3,299,6,1794,delayed,no,(4) high
12/20/2017,Organic,Tennessee,Product 2,199,1,199,on-time,yes,(3) ok
12/20/2017,Organic,Tennessee,Product 4,99,6,594,on-time,yes,(2) low
12/20/2017,Ad,Mississippi,Product 2,199,5,995,on-time,no,(3) ok
12/21/2017,Organic,Florida,Product 2,199,2,398,delayed,no,(5) very high
12/21/2017,Returning,Alabama,Product 3,299,9,2691,delayed,no,(4) high
12/21/2017,Organic,Georgia,Product 3,299,8,2392,delayed,no,(1) very low
12/21/2017,Ad,Alabama,Product 4,99,10,990,delayed,yes,(3) ok
12/22/2017,Organic,South Carolina,Product 1,499,3,1497,on-time,yes,(3) ok
12/22/2017,Organic,North Carolina,Product 4,99,6,594,delayed,no,(3) ok
12/22/2017,Ad,Georgia,Product 3,299,6,1794,delayed,no,(4) high
12/22/2017,Organic,Mississippi,Product 4,99,9,891,on-time,yes,(3) ok
12/23/2017,Organic,Alabama,Product 2,199,9,1791,on-time,no,(3) ok
12/24/2017,Ad,Alabama,Product 5,399,2,798,delayed,no,(4) high
12/24/2017,Organic,Georgia,Product 4,99,8,792,delayed,no,(4) high
12/24/2017,Ad,Mississippi,Product 3,299,1,299,on-time,no,(5) very high
12/24/2017,Ad,North Carolina,Product 5,399,9,3591,delayed,no,(4) high
12/25/2017,Returning,South Carolina,Product 3,299,4,1196,delayed,no,(3) ok
12/26/2017,Ad,Mississippi,Product 1,499,3,1497,on-time,no,(4) high
12/26/2017,Organic,North Carolina,Product 4,99,4,396,on-time,no,(3) ok
12/26/2017,Ad,Alabama,Product 4,99,2,198,delayed,no,(3) ok
12/26/2017,Returning,North Carolina,Product 2,199,3,597,on-time,no,(3) ok
12/26/2017,Organic,Tennessee,Product 1,499,10,4990,delayed,no,(3) ok
12/26/2017,Organic,North Carolina,Product 5,399,8,3192,on-time,no,(1) very low
12/26/2017,Ad,Tennessee,Product 5,399,6,2394,delayed,no,(3) ok
12/26/2017,Ad,Alabama,Product 1,499,7,3493,on-time,no,(4) high
12/26/2017,Returning,Florida,Product 2,199,9,1791,on-time,no,(3) ok
12/26/2017,Returning,Florida,Product 4,99,1,99,on-time,no,(3) ok
12/27/2017,Ad,South Carolina,Product 3,299,1,299,on-time,no,(3) ok
12/27/2017,Ad,South Carolina,Product 2,199,5,995,on-time,no,(3) ok
12/27/2017,Ad,North Carolina,Product 5,399,8,3192,on-time,no,(2) low
12/28/2017,Ad,South Carolina,Product 2,199,4,796,on-time,no,(3) ok
12/29/2017,Ad,Florida,Product 3,299,6,1794,on-time,no,(5) very high
12/29/2017,Ad,Mississippi,Product 5,399,7,2793,on-time,no,(3) ok
12/29/2017,Returning,Mississippi,Product 5,399,6,2394,on-time,no,(3) ok
12/29/2017,Ad,Tennessee,Product 4,99,5,495,delayed,no,(2) low
12/29/2017,Returning,Florida,Product 5,399,10,3990,on-time,no,(2) low
12/30/2017,Ad,Georgia,Product 4,99,1,99,delayed,no,(3) ok
12/30/2017,Ad,Alabama,Product 3,299,3,897,on-time,no,(1) very low
12/31/2017,Ad,Florida,Product 1,499,3,1497,on-time,no,(1) very low
1/1/2018,Ad,Tennessee,Product 4,99,2,198,delayed,no,(2) low
1/1/2018,Returning,North Carolina,Product 1,499,7,3493,on-time,yes,(1) very low
1/1/2018,Ad,Tennessee,Product 3,299,8,2392,on-time,no,(3) ok
1/1/2018,Returning,Tennessee,Product 2,199,6,1194,delayed,no,(3) ok
1/2/2018,Ad,Mississippi,Product 1,499,2,998,on-time,no,(4) high
1/2/2018,Returning,Florida,Product 4,99,4,396,delayed,no,(3) ok
1/2/2018,Organic,South Carolina,Product 1,499,9,4491,on-time,no,(4) high
1/2/2018,Organic,Florida,Product 2,199,5,995,on-time,no,(3) ok
1/2/2018,Organic,Tennessee,Product 1,499,7,3493,on-time,yes,(3) ok
1/2/2018,Organic,Mississippi,Product 4,99,10,990,on-time,no,(3) ok
1/2/2018,Organic,Florida,Product 2,199,6,1194,on-time,no,(1) very low
1/2/2018,Returning,Mississippi,Product 2,199,9,1791,on-time,no,(4) high
1/2/2018,Ad,Florida,Product 4,99,8,792,on-time,no,(2) low
1/2/2018,Organic,Georgia,Product 1,499,5,2495,on-time,no,(3) ok
1/2/2018,Organic,Florida,Product 5,399,8,3192,delayed,no,(3) ok
1/2/2018,Returning,South Carolina,Product 2,199,5,995,on-time,no,(3) ok
1/2/2018,Ad,Alabama,Product 5,399,3,1197,delayed,no,(1) very low
1/2/2018,Organic,Tennessee,Product 1,499,8,3992,on-time,no,(3) ok
1/2/2018,Returning,Tennessee,Product 2,199,3,597,on-time,no,(2) low
1/2/2018,Organic,Georgia,Product 2,199,4,796,on-time,no,(3) ok
1/2/2018,Ad,Mississippi,Product 4,99,1,99,on-time,no,(2) low
1/2/2018,Ad,Tennessee,Product 4,99,7,693,on-time,no,(3) ok
1/2/2018,Returning,Tennessee,Product 2,199,2,398,on-time,no,(2) low
1/2/2018,Organic,Mississippi,Product 2,199,4,796,delayed,no,(4) high
1/2/2018,Ad,Alabama,Product 1,499,2,998,on-time,yes,(1) very low
1/2/2018,Ad,Mississippi,Product 4,99,3,297,on-time,no,(3) ok
1/2/2018,Ad,Georgia,Product 1,499,2,998,delayed,no,(3) ok
1/2/2018,Organic,Alabama,Product 3,299,5,1495,on-time,no,(3) ok
1/2/2018,Ad,Mississippi,Product 2,199,4,796,on-time,no,(2) low
1/2/2018,Ad,North Carolina,Product 3,299,3,897,delayed,no,(3) ok
1/2/2018,Returning,North Carolina,Product 3,299,3,897,on-time,no,(1) very low
1/2/2018,Ad,Tennessee,Product 4,99,5,495,on-time,no,(1) very low
1/2/2018,Organic,Tennessee,Product 1,499,7,3493,on-time,no,(1) very low
1/2/2018,Organic,Tennessee,Product 4,99,8,792,on-time,no,(5) very high
1/2/2018,Ad,Florida,Product 3,299,5,1495,on-time,no,(5) very high
1/2/2018,Ad,Alabama,Product 1,499,4,1996,on-time,no,(2) low
1/2/2018,Returning,Mississippi,Product 5,399,9,3591,on-time,no,(2) low
1/3/2018,Returning,Florida,Product 3,299,6,1794,delayed,no,(4) high
1/4/2018,Returning,Florida,Product 3,299,5,1495,delayed,yes,(4) high
1/5/2018,Organic,South Carolina,Product 3,299,10,2990,delayed,no,(3) ok
1/5/2018,Returning,Tennessee,Product 2,199,10,1990,on-time,no,(5) very high
1/5/2018,Returning,Georgia,Product 1,499,6,2994,on-time,no,(5) very high
1/5/2018,Returning,Tennessee,Product 2,199,4,796,delayed,no,(1) very low
1/5/2018,Returning,Florida,Product 2,199,4,796,on-time,no,(4) high
1/5/2018,Returning,South Carolina,Product 3,299,9,2691,delayed,yes,(4) high
1/6/2018,Organic,Florida,Product 3,299,7,2093,on-time,no,(3) ok
1/7/2018,Returning,Tennessee,Product 4,99,10,990,delayed,no,(2) low
1/8/2018,Organic,Georgia,Product 1,499,3,1497,delayed,no,(2) low
1/8/2018,Ad,Tennessee,Product 4,99,5,495,on-time,no,(3) ok
1/9/2018,Ad,Mississippi,Product 3,299,9,2691,delayed,yes,(3) ok
1/9/2018,Organic,Georgia,Product 2,199,3,597,on-time,no,(4) high
1/9/2018,Returning,North Carolina,Product 2,199,6,1194,on-time,no,(4) high
1/9/2018,Ad,North Carolina,Product 4,99,6,594,on-time,no,(4) high
1/9/2018,Ad,South Carolina,Product 2,199,10,1990,delayed,no,(4) high
1/9/2018,Organic,Mississippi,Product 3,299,10,2990,delayed,no,(1) very low
1/9/2018,Returning,Alabama,Product 4,99,4,396,on-time,no,(2) low
1/9/2018,Organic,Tennessee,Product 4,99,3,297,delayed,no,(1) very low
1/9/2018,Organic,Mississippi,Product 5,399,9,3591,delayed,no,(3) ok
1/9/2018,Organic,South Carolina,Product 5,399,3,1197,delayed,no,(3) ok
1/9/2018,Ad,North Carolina,Product 3,299,5,1495,delayed,no,(1) very low
1/9/2018,Ad,Florida,Product 3,299,3,897,on-time,no,(2) low
1/9/2018,Organic,Tennessee,Product 2,199,6,1194,delayed,no,(2) low
1/10/2018,Organic,Mississippi,Product 1,499,8,3992,on-time,no,(5) very high
1/11/2018,Organic,Tennessee,Product 4,99,8,792,on-time,no,(3) ok
1/11/2018,Returning,South Carolina,Product 2,199,6,1194,delayed,no,(4) high
1/12/2018,Ad,Georgia,Product 4,99,9,891,delayed,no,(2) low
1/12/2018,Organic,Tennessee,Product 2,199,7,1393,delayed,no,(3) ok
1/12/2018,Ad,North Carolina,Product 1,499,2,998,on-time,no,(2) low
1/13/2018,Ad,South Carolina,Product 2,199,2,398,on-time,no,(3) ok
1/13/2018,Ad,Alabama,Product 5,399,8,3192,on-time,no,(3) ok
1/13/2018,Organic,Georgia,Product 4,99,7,693,on-time,no,(3) ok
1/13/2018,Organic,Florida,Product 1,499,6,2994,delayed,no,(3) ok
1/13/2018,Returning,Georgia,Product 2,199,9,1791,on-time,no,(3) ok
1/14/2018,Ad,Florida,Product 1,499,2,998,on-time,no,(4) high
1/14/2018,Returning,Georgia,Product 5,399,7,2793,delayed,no,(1) very low
1/14/2018,Ad,South Carolina,Product 3,299,9,2691,on-time,no,(2) low
1/14/2018,Ad,South Carolina,Product 2,199,6,1194,delayed,no,(2) low
1/14/2018,Returning,Florida,Product 1,499,9,4491,delayed,no,(3) ok
1/14/2018,Ad,Alabama,Product 3,299,8,2392,delayed,no,(1) very low
1/14/2018,Organic,South Carolina,Product 2,199,10,1990,on-time,no,(2) low
1/14/2018,Returning,Georgia,Product 2,199,2,398,on-time,no,(3) ok
1/14/2018,Ad,North Carolina,Product 1,499,10,4990,on-time,no,(5) very high
1/14/2018,Returning,South Carolina,Product 5,399,7,2793,on-time,no,(2) low
1/14/2018,Organic,Florida,Product 3,299,9,2691,delayed,no,(3) ok
1/14/2018,Returning,Florida,Product 3,299,6,1794,on-time,yes,(3) ok
1/14/2018,Organic,Alabama,Product 2,199,2,398,delayed,no,(4) high
1/14/2018,Returning,Georgia,Product 4,99,4,396,on-time,no,(4) high
1/14/2018,Returning,Tennessee,Product 3,299,4,1196,delayed,no,(2) low
1/14/2018,Ad,Alabama,Product 5,399,9,3591,on-time,no,(5) very high
1/14/2018,Ad,Tennessee,Product 3,299,5,1495,on-time,no,(3) ok
1/14/2018,Ad,Alabama,Product 3,299,9,2691,on-time,no,(3) ok
1/14/2018,Returning,Florida,Product 5,399,5,1995,on-time,no,(1) very low
1/14/2018,Ad,Tennessee,Product 4,99,7,693,on-time,no,(1) very low
1/15/2018,Returning,Georgia,Product 4,99,8,792,on-time,no,(2) low
1/15/2018,Organic,South Carolina,Product 4,99,9,891,on-time,no,(4) high
1/15/2018,Returning,Florida,Product 5,399,10,3990,delayed,no,(3) ok
1/15/2018,Ad,North Carolina,Product 3,299,1,299,on-time,no,(3) ok
1/15/2018,Organic,Mississippi,Product 1,499,10,4990,on-time,no,(4) high
1/15/2018,Ad,Alabama,Product 1,499,4,1996,delayed,no,(4) high
1/15/2018,Organic,Florida,Product 4,99,9,891,on-time,no,(3) ok
1/15/2018,Ad,Mississippi,Product 3,299,10,2990,on-time,no,(3) ok
1/16/2018,Returning,South Carolina,Product 3,299,1,299,on-time,yes,(3) ok
1/17/2018,Organic,Florida,Product 4,99,3,297,on-time,no,(3) ok
1/18/2018,Ad,North Carolina,Product 5,399,1,399,delayed,no,(3) ok
1/18/2018,Organic,South Carolina,Product 5,399,2,798,on-time,no,(4) high
1/18/2018,Returning,Mississippi,Product 2,199,8,1592,delayed,no,(1) very low
1/18/2018,Returning,Georgia,Product 3,299,6,1794,on-time,no,(5) very high
1/18/2018,Organic,Florida,Product 5,399,4,1596,on-time,no,(5) very high
1/18/2018,Organic,Alabama,Product 4,99,7,693,on-time,no,(3) ok
1/18/2018,Organic,Florida,Product 1,499,2,998,delayed,no,(3) ok
1/18/2018,Organic,Alabama,Product 5,399,1,399,delayed,no,(4) high
1/18/2018,Returning,North Carolina,Product 4,99,8,792,on-time,no,(4) high
1/18/2018,Organic,Georgia,Product 4,99,4,396,on-time,no,(3) ok
1/19/2018,Organic,North Carolina,Product 2,199,1,199,on-time,no,(4) high
1/19/2018,Ad,Alabama,Product 3,299,7,2093,on-time,no,(3) ok
1/19/2018,Ad,North Carolina,Product 2,199,2,398,on-time,yes,(3) ok
1/19/2018,Ad,Alabama,Product 2,199,2,398,on-time,no,(2) low
1/19/2018,Organic,Tennessee,Product 3,299,5,1495,on-time,no,(1) very low
1/19/2018,Returning,South Carolina,Product 3,299,4,1196,delayed,no,(3) ok
1/19/2018,Returning,South Carolina,Product 3,299,5,1495,on-time,yes,(4) high
1/20/2018,Ad,Florida,Product 1,499,10,4990,delayed,no,(4) high
1/20/2018,Returning,Alabama,Product 2,199,1,199,on-time,no,(4) high
1/20/2018,Ad,North Carolina,Product 1,499,10,4990,delayed,no,(3) ok
1/20/2018,Returning,North Carolina,Product 4,99,6,594,delayed,no,(3) ok
1/20/2018,Returning,Georgia,Product 3,299,6,1794,delayed,no,(4) high
1/20/2018,Returning,Tennessee,Product 2,199,1,199,on-time,no,(3) ok
1/21/2018,Returning,Mississippi,Product 1,499,4,1996,on-time,no,(3) ok
1/22/2018,Returning,Alabama,Product 3,299,3,897,on-time,no,(3) ok
1/22/2018,Returning,South Carolina,Product 2,199,1,199,on-time,no,(1) very low
1/22/2018,Returning,Georgia,Product 4,99,2,198,on-time,no,(5) very high
1/22/2018,Ad,Georgia,Product 3,299,6,1794,on-time,no,(2) low
1/22/2018,Returning,Mississippi,Product 2,199,7,1393,delayed,yes,(3) ok
1/23/2018,Returning,North Carolina,Product 4,99,3,297,on-time,yes,(3) ok
1/23/2018,Organic,Mississippi,Product 3,299,3,897,on-time,no,(2) low
1/24/2018,Organic,North Carolina,Product 3,299,5,1495,delayed,no,(2) low
1/25/2018,Returning,South Carolina,Product 1,499,6,2994,delayed,no,(3) ok
1/25/2018,Ad,Alabama,Product 3,299,1,299,on-time,no,(1) very low
1/25/2018,Ad,North Carolina,Product 4,99,5,495,on-time,no,(4) high
1/25/2018,Ad,Florida,Product 5,399,10,3990,on-time,no,(4) high
1/26/2018,Ad,Mississippi,Product 5,399,10,3990,on-time,no,(1) very low
1/26/2018,Organic,South Carolina,Product 1,499,4,1996,on-time,no,(5) very high
1/27/2018,Organic,Alabama,Product 2,199,5,995,on-time,no,(2) low
1/28/2018,Organic,Tennessee,Product 1,499,9,4491,on-time,no,(3) ok
1/29/2018,Organic,Tennessee,Product 3,299,6,1794,on-time,no,(4) high
1/29/2018,Organic,Tennessee,Product 1,499,2,998,on-time,yes,(3) ok
1/29/2018,Ad,Mississippi,Product 3,299,3,897,on-time,no,(2) low
1/29/2018,Ad,South Carolina,Product 5,399,2,798,delayed,no,(4) high
1/29/2018,Ad,Georgia,Product 1,499,5,2495,on-time,no,(2) low
1/29/2018,Organic,Tennessee,Product 4,99,3,297,on-time,no,(3) ok
1/29/2018,Organic,Mississippi,Product 2,199,7,1393,on-time,no,(4) high
1/29/2018,Returning,Georgia,Product 2,199,8,1592,on-time,no,(2) low
1/29/2018,Ad,Georgia,Product 5,399,5,1995,delayed,no,(3) ok
1/29/2018,Ad,North Carolina,Product 1,499,6,2994,on-time,no,(3) ok
1/29/2018,Ad,North Carolina,Product 3,299,8,2392,delayed,no,(4) high
1/29/2018,Organic,South Carolina,Product 2,199,6,1194,on-time,no,(2) low
1/29/2018,Organic,Georgia,Product 4,99,6,594,on-time,no,(3) ok
1/30/2018,Ad,South Carolina,Product 2,199,1,199,on-time,no,(3) ok
1/30/2018,Returning,North Carolina,Product 2,199,4,796,on-time,no,(3) ok
1/30/2018,Organic,North Carolina,Product 2,199,5,995,on-time,no,(2) low
1/30/2018,Ad,North Carolina,Product 3,299,6,1794,on-time,no,(3) ok
1/30/2018,Organic,Tennessee,Product 1,499,6,2994,on-time,no,(3) ok
1/30/2018,Organic,Florida,Product 4,99,3,297,on-time,no,(3) ok
1/31/2018,Ad,Tennessee,Product 4,99,4,396,delayed,no,(3) ok
1/31/2018,Organic,South Carolina,Product 3,299,5,1495,delayed,no,(4) high
1/31/2018,Organic,Florida,Product 4,99,1,99,on-time,no,(3) ok
2/1/2018,Returning,Alabama,Product 4,99,6,594,delayed,yes,(1) very low
2/1/2018,Organic,North Carolina,Product 1,499,2,998,delayed,no,(4) high
2/1/2018,Returning,Georgia,Product 4,99,2,198,on-time,no,(1) very low
2/2/2018,Organic,South Carolina,Product 5,399,5,1995,on-time,no,(2) low
2/2/2018,Organic,South Carolina,Product 3,299,1,299,on-time,no,(4) high
2/2/2018,Returning,Alabama,Product 2,199,9,1791,delayed,no,(3) ok
2/2/2018,Organic,South Carolina,Product 1,499,5,2495,on-time,no,(4) high
2/2/2018,Organic,Georgia,Product 1,499,6,2994,on-time,no,(2) low
2/2/2018,Returning,Georgia,Product 5,399,8,3192,on-time,no,(3) ok
2/2/2018,Ad,Florida,Product 2,199,2,398,delayed,no,(2) low
2/2/2018,Ad,Georgia,Product 3,299,4,1196,delayed,yes,(2) low
2/2/2018,Returning,Alabama,Product 2,199,4,796,delayed,no,(3) ok
2/3/2018,Ad,Florida,Product 1,499,4,1996,on-time,no,(4) high
2/3/2018,Ad,South Carolina,Product 1,499,2,998,delayed,no,(2) low
2/3/2018,Organic,Florida,Product 3,299,8,2392,delayed,no,(2) low
2/4/2018,Organic,Alabama,Product 1,499,8,3992,delayed,no,(2) low
2/5/2018,Returning,Mississippi,Product 1,499,10,4990,on-time,no,(5) very high
2/5/2018,Organic,North Carolina,Product 5,399,8,3192,delayed,no,(4) high
2/6/2018,Returning,Alabama,Product 3,299,6,1794,on-time,no,(4) high
2/6/2018,Ad,Mississippi,Product 5,399,7,2793,delayed,no,(2) low
2/6/2018,Returning,Alabama,Product 5,399,5,1995,on-time,no,(2) low
2/6/2018,Returning,Florida,Product 3,299,7,2093,delayed,no,(4) high
2/6/2018,Ad,Florida,Product 5,399,7,2793,delayed,yes,(4) high
2/7/2018,Organic,Alabama,Product 5,399,10,3990,delayed,no,(3) ok
2/7/2018,Ad,Georgia,Product 3,299,6,1794,delayed,no,(4) high
2/8/2018,Ad,Alabama,Product 2,199,1,199,delayed,no,(3) ok
2/9/2018,Organic,Florida,Product 4,99,10,990,delayed,no,(3) ok
2/9/2018,Ad,Tennessee,Product 3,299,6,1794,on-time,no,(5) very high
2/9/2018,Returning,Mississippi,Product 1,499,5,2495,on-time,no,(3) ok
2/9/2018,Returning,Florida,Product 5,399,7,2793,on-time,no,(3) ok
2/9/2018,Organic,Georgia,Product 5,399,4,1596,on-time,no,(3) ok
2/9/2018,Ad,Alabama,Product 2,199,4,796,on-time,no,(3) ok
2/9/2018,Ad,Mississippi,Product 2,199,9,1791,delayed,no,(3) ok
2/9/2018,Ad,Georgia,Product 3,299,4,1196,on-time,no,(3) ok
2/9/2018,Ad,Alabama,Product 3,299,8,2392,on-time,yes,(1) very low
2/9/2018,Returning,Georgia,Product 2,199,4,796,delayed,yes,(3) ok
2/9/2018,Ad,North Carolina,Product 4,99,8,792,delayed,no,(3) ok
2/9/2018,Returning,Alabama,Product 2,199,3,597,delayed,no,(2) low
2/9/2018,Returning,Georgia,Product 3,299,1,299,on-time,yes,(4) high
2/9/2018,Ad,Tennessee,Product 1,499,3,1497,delayed,no,(2) low
2/9/2018,Ad,North Carolina,Product 5,399,10,3990,delayed,no,(4) high
2/9/2018,Returning,Tennessee,Product 1,499,1,499,on-time,no,(3) ok
2/9/2018,Organic,Mississippi,Product 1,499,3,1497,delayed,yes,(2) low
2/9/2018,Organic,Florida,Product 1,499,2,998,on-time,no,(3) ok
2/9/2018,Organic,Georgia,Product 1,499,6,2994,on-time,no,(5) very high
2/9/2018,Returning,Tennessee,Product 1,499,7,3493,on-time,no,(2) low
2/9/2018,Organic,Tennessee,Product 1,499,2,998,on-time,no,(3) ok
2/9/2018,Organic,Florida,Product 2,199,9,1791,on-time,no,(3) ok
2/9/2018,Ad,Tennessee,Product 3,299,3,897,delayed,no,(3) ok
2/9/2018,Ad,North Carolina,Product 2,199,2,398,on-time,no,(3) ok
2/9/2018,Returning,Georgia,Product 3,299,7,2093,on-time,no,(3) ok
2/10/2018,Organic,South Carolina,Product 4,99,4,396,delayed,yes,(4) high
2/11/2018,Organic,Mississippi,Product 4,99,1,99,delayed,no,(4) high
2/11/2018,Returning,Georgia,Product 3,299,4,1196,delayed,no,(3) ok
2/11/2018,Ad,Florida,Product 4,99,8,792,on-time,no,(3) ok
2/11/2018,Organic,South Carolina,Product 1,499,5,2495,on-time,no,(5) very high
2/11/2018,Returning,Alabama,Product 1,499,10,4990,on-time,yes,(3) ok
2/11/2018,Organic,Georgia,Product 1,499,2,998,on-time,no,(2) low
2/11/2018,Organic,North Carolina,Product 2,199,3,597,on-time,no,(1) very low
2/11/2018,Organic,South Carolina,Product 5,399,2,798,on-time,no,(2) low
2/11/2018,Ad,North Carolina,Product 4,99,7,693,on-time,no,(4) high
2/11/2018,Organic,Tennessee,Product 5,399,5,1995,delayed,no,(4) high
2/12/2018,Returning,Alabama,Product 4,99,2,198,on-time,no,(3) ok
2/12/2018,Organic,Tennessee,Product 5,399,3,1197,on-time,no,(2) low
2/12/2018,Returning,Georgia,Product 2,199,2,398,on-time,no,(2) low
2/12/2018,Organic,North Carolina,Product 5,399,2,798,on-time,no,(4) high
2/12/2018,Returning,Georgia,Product 4,99,4,396,on-time,no,(3) ok
2/12/2018,Returning,Tennessee,Product 2,199,8,1592,delayed,no,(3) ok
2/12/2018,Returning,Mississippi,Product 1,499,5,2495,on-time,no,(3) ok
2/12/2018,Returning,North Carolina,Product 2,199,2,398,on-time,no,(4) high
2/13/2018,Organic,Georgia,Product 2,199,7,1393,on-time,no,(2) low
2/13/2018,Organic,Florida,Product 5,399,5,1995,on-time,no,(3) ok
2/13/2018,Ad,Florida,Product 2,199,4,796,on-time,no,(3) ok
2/13/2018,Ad,Georgia,Product 5,399,4,1596,on-time,no,(2) low
2/13/2018,Returning,Georgia,Product 4,99,1,99,delayed,no,(3) ok
2/14/2018,Ad,South Carolina,Product 5,399,5,1995,on-time,no,(2) low
2/15/2018,Returning,Mississippi,Product 3,299,8,2392,on-time,no,(3) ok
2/16/2018,Ad,Florida,Product 1,499,8,3992,on-time,no,(3) ok
2/16/2018,Organic,Tennessee,Product 5,399,5,1995,on-time,no,(3) ok
2/16/2018,Ad,North Carolina,Product 2,199,5,995,delayed,no,(4) high
2/16/2018,Ad,Alabama,Product 1,499,6,2994,on-time,no,(3) ok
2/16/2018,Ad,Alabama,Product 3,299,2,598,delayed,yes,(4) high
2/16/2018,Ad,South Carolina,Product 5,399,8,3192,delayed,yes,(3) ok
2/16/2018,Returning,Mississippi,Product 1,499,6,2994,on-time,yes,(3) ok
2/16/2018,Organic,South Carolina,Product 5,399,8,3192,on-time,no,(1) very low
2/16/2018,Returning,Florida,Product 2,199,6,1194,on-time,no,(1) very low
2/16/2018,Organic,Florida,Product 4,99,9,891,on-time,no,(4) high
2/16/2018,Organic,South Carolina,Product 3,299,5,1495,on-time,no,(3) ok
2/16/2018,Returning,Alabama,Product 1,499,3,1497,on-time,no,(3) ok
2/16/2018,Returning,Florida,Product 4,99,8,792,delayed,no,(3) ok
2/17/2018,Organic,Alabama,Product 2,199,7,1393,on-time,no,(1) very low
2/17/2018,Organic,Mississippi,Product 1,499,2,998,on-time,no,(3) ok
2/17/2018,Returning,Mississippi,Product 4,99,9,891,on-time,no,(3) ok
2/17/2018,Returning,Georgia,Product 4,99,8,792,on-time,no,(4) high
2/17/2018,Organic,Alabama,Product 4,99,1,99,on-time,no,(1) very low
2/17/2018,Organic,Alabama,Product 3,299,7,2093,on-time,no,(1) very low
2/17/2018,Ad,Alabama,Product 4,99,5,495,delayed,yes,(3) ok
2/18/2018,Organic,South Carolina,Product 1,499,4,1996,on-time,no,(2) low
2/18/2018,Returning,South Carolina,Product 2,199,10,1990,delayed,no,(2) low
2/18/2018,Organic,Florida,Product 2,199,7,1393,on-time,no,(3) ok
2/18/2018,Ad,Florida,Product 5,399,2,798,delayed,no,(4) high
2/18/2018,Returning,Mississippi,Product 5,399,6,2394,delayed,no,(3) ok
2/18/2018,Organic,Georgia,Product 3,299,3,897,delayed,no,(1) very low
2/18/2018,Returning,Mississippi,Product 3,299,3,897,on-time,no,(2) low
2/18/2018,Ad,North Carolina,Product 5,399,7,2793,on-time,no,(5) very high
2/18/2018,Ad,Georgia,Product 3,299,3,897,delayed,no,(3) ok
2/18/2018,Organic,Florida,Product 5,399,10,3990,delayed,no,(1) very low
2/19/2018,Returning,South Carolina,Product 3,299,3,897,on-time,no,(5) very high
2/19/2018,Returning,Georgia,Product 1,499,10,4990,on-time,no,(3) ok
2/19/2018,Organic,Mississippi,Product 4,99,3,297,delayed,no,(3) ok
2/20/2018,Organic,Florida,Product 2,199,9,1791,on-time,no,(3) ok
2/20/2018,Organic,Mississippi,Product 1,499,7,3493,on-time,no,(5) very high
2/20/2018,Organic,South Carolina,Product 5,399,10,3990,delayed,yes,(5) very high
2/20/2018,Organic,South Carolina,Product 3,299,7,2093,on-time,yes,(2) low
2/20/2018,Returning,North Carolina,Product 3,299,9,2691,delayed,no,(2) low
2/20/2018,Ad,Mississippi,Product 3,299,2,598,on-time,no,(4) high
2/20/2018,Returning,Georgia,Product 2,199,5,995,delayed,yes,(3) ok
2/21/2018,Organic,South Carolina,Product 1,499,3,1497,on-time,no,(3) ok
2/21/2018,Ad,Alabama,Product 1,499,10,4990,on-time,no,(3) ok
2/21/2018,Ad,Tennessee,Product 3,299,10,2990,on-time,no,(4) high
2/22/2018,Ad,Georgia,Product 2,199,6,1194,on-time,yes,(1) very low
2/22/2018,Returning,Georgia,Product 2,199,9,1791,on-time,no,(5) very high
2/23/2018,Returning,Tennessee,Product 3,299,10,2990,on-time,no,(3) ok
2/23/2018,Ad,North Carolina,Product 1,499,8,3992,delayed,no,(3) ok
2/23/2018,Returning,Mississippi,Product 5,399,1,399,on-time,no,(4) high
2/23/2018,Returning,South Carolina,Product 2,199,6,1194,delayed,no,(4) high
2/23/2018,Organic,South Carolina,Product 2,199,9,1791,on-time,no,(5) very high
2/23/2018,Ad,Alabama,Product 4,99,5,495,on-time,no,(3) ok
2/23/2018,Organic,Florida,Product 2,199,9,1791,on-time,no,(1) very low
2/23/2018,Organic,Florida,Product 5,399,1,399,on-time,no,(3) ok
2/23/2018,Ad,Mississippi,Product 1,499,6,2994,delayed,yes,(3) ok
2/23/2018,Ad,Tennessee,Product 5,399,2,798,delayed,no,(3) ok
2/23/2018,Returning,South Carolina,Product 1,499,9,4491,on-time,no,(3) ok
2/23/2018,Ad,South Carolina,Product 3,299,5,1495,on-time,no,(4) high
2/23/2018,Organic,South Carolina,Product 1,499,9,4491,on-time,no,(3) ok
2/23/2018,Returning,Florida,Product 1,499,6,2994,on-time,yes,(2) low
2/23/2018,Returning,Georgia,Product 4,99,10,990,on-time,no,(4) high
2/23/2018,Ad,Florida,Product 5,399,7,2793,delayed,no,(4) high
2/23/2018,Organic,Tennessee,Product 2,199,8,1592,delayed,no,(2) low
2/23/2018,Ad,Alabama,Product 5,399,6,2394,on-time,no,(3) ok
2/23/2018,Returning,Florida,Product 1,499,2,998,on-time,no,(5) very high
2/24/2018,Organic,Alabama,Product 2,199,4,796,delayed,no,(2) low
2/24/2018,Ad,Georgia,Product 5,399,2,798,delayed,no,(2) low
2/25/2018,Returning,South Carolina,Product 5,399,3,1197,delayed,no,(2) low
2/25/2018,Returning,Tennessee,Product 2,199,3,597,on-time,no,(4) high
2/26/2018,Ad,Alabama,Product 2,199,7,1393,on-time,no,(3) ok
2/27/2018,Organic,Florida,Product 3,299,10,2990,on-time,no,(2) low
2/27/2018,Ad,Georgia,Product 4,99,4,396,delayed,no,(2) low
2/28/2018,Organic,Georgia,Product 1,499,3,1497,on-time,no,(3) ok
3/1/2018,Ad,South Carolina,Product 3,299,5,1495,delayed,no,(5) very high
3/1/2018,Ad,South Carolina,Product 4,99,1,99,delayed,no,(3) ok
3/1/2018,Organic,Florida,Product 2,199,10,1990,on-time,no,(2) low
3/1/2018,Returning,North Carolina,Product 5,399,10,3990,on-time,no,(5) very high
3/1/2018,Returning,Georgia,Product 3,299,6,1794,on-time,no,(2) low
3/1/2018,Returning,Tennessee,Product 1,499,4,1996,delayed,no,(2) low
3/1/2018,Returning,Florida,Product 1,499,9,4491,delayed,no,(4) high
3/1/2018,Returning,Florida,Product 4,99,3,297,on-time,no,(3) ok
3/1/2018,Returning,Florida,Product 4,99,9,891,delayed,no,(3) ok
3/2/2018,Returning,North Carolina,Product 5,399,8,3192,on-time,yes,(3) ok
3/2/2018,Returning,Mississippi,Product 4,99,9,891,delayed,yes,(2) low
3/2/2018,Ad,Florida,Product 1,499,2,998,delayed,no,(2) low
3/2/2018,Organic,Florida,Product 4,99,4,396,delayed,no,(4) high
3/2/2018,Organic,Alabama,Product 2,199,2,398,on-time,no,(2) low
3/2/2018,Organic,Alabama,Product 3,299,1,299,delayed,no,(2) low
3/2/2018,Organic,Tennessee,Product 3,299,6,1794,on-time,no,(4) high
3/2/2018,Returning,Mississippi,Product 5,399,10,3990,delayed,no,(2) low
3/2/2018,Ad,Mississippi,Product 5,399,6,2394,on-time,no,(2) low
3/2/2018,Returning,Florida,Product 2,199,3,597,on-time,no,(1) very low
3/2/2018,Organic,Florida,Product 1,499,4,1996,on-time,no,(4) high
3/2/2018,Returning,Georgia,Product 1,499,6,2994,on-time,no,(1) very low
3/2/2018,Ad,Mississippi,Product 1,499,7,3493,delayed,no,(3) ok
3/2/2018,Ad,South Carolina,Product 2,199,5,995,delayed,yes,(2) low
3/2/2018,Ad,Mississippi,Product 3,299,4,1196,on-time,no,(4) high
3/2/2018,Ad,Alabama,Product 3,299,10,2990,delayed,no,(1) very low
3/2/2018,Ad,North Carolina,Product 4,99,6,594,on-time,no,(3) ok
3/2/2018,Returning,Mississippi,Product 2,199,4,796,on-time,no,(2) low
3/2/2018,Returning,South Carolina,Product 5,399,7,2793,delayed,no,(1) very low
3/2/2018,Returning,North Carolina,Product 1,499,2,998,delayed,yes,(3) ok
3/2/2018,Returning,South Carolina,Product 5,399,2,798,on-time,no,(3) ok
3/2/2018,Returning,South Carolina,Product 3,299,2,598,delayed,no,(3) ok
3/2/2018,Organic,Georgia,Product 2,199,10,1990,delayed,no,(1) very low
3/2/2018,Ad,Florida,Product 5,399,2,798,delayed,no,(2) low
3/2/2018,Ad,Mississippi,Product 4,99,3,297,delayed,yes,(4) high
3/2/2018,Returning,Tennessee,Product 1,499,5,2495,on-time,no,(3) ok
3/3/2018,Returning,Tennessee,Product 5,399,3,1197,on-time,no,(3) ok
3/3/2018,Organic,Tennessee,Product 4,99,7,693,on-time,no,(3) ok
3/3/2018,Returning,Tennessee,Product 1,499,8,3992,on-time,no,(3) ok
3/3/2018,Organic,Alabama,Product 4,99,5,495,on-time,no,(4) high
3/3/2018,Organic,Georgia,Product 3,299,6,1794,on-time,no,(3) ok
3/3/2018,Organic,Georgia,Product 5,399,8,3192,on-time,no,(3) ok
3/3/2018,Ad,Florida,Product 1,499,7,3493,delayed,no,(2) low
3/4/2018,Organic,Tennessee,Product 4,99,8,792,on-time,no,(4) high
3/4/2018,Ad,Alabama,Product 2,199,6,1194,on-time,no,(3) ok
3/5/2018,Ad,Mississippi,Product 2,199,2,398,on-time,no,(5) very high
3/6/2018,Organic,Mississippi,Product 4,99,9,891,delayed,no,(2) low
3/6/2018,Organic,Alabama,Product 5,399,6,2394,on-time,no,(5) very high
3/6/2018,Returning,North Carolina,Product 2,199,4,796,delayed,no,(3) ok
3/6/2018,Returning,North Carolina,Product 1,499,10,4990,delayed,no,(3) ok
3/6/2018,Ad,Alabama,Product 1,499,2,998,delayed,no,(2) low
3/6/2018,Organic,North Carolina,Product 3,299,6,1794,on-time,no,(4) high
3/6/2018,Organic,Tennessee,Product 3,299,8,2392,on-time,no,(3) ok
3/6/2018,Organic,Alabama,Product 2,199,10,1990,delayed,no,(2) low
3/6/2018,Organic,Tennessee,Product 1,499,6,2994,on-time,no,(3) ok
3/6/2018,Ad,Georgia,Product 2,199,8,1592,delayed,no,(3) ok
3/6/2018,Returning,Mississippi,Product 1,499,7,3493,on-time,no,(1) very low
3/6/2018,Returning,Mississippi,Product 4,99,1,99,delayed,no,(4) high
3/6/2018,Ad,Florida,Product 5,399,1,399,on-time,no,(4) high
3/6/2018,Organic,Mississippi,Product 4,99,1,99,on-time,yes,(2) low
3/6/2018,Returning,Florida,Product 4,99,1,99,on-time,no,(4) high
3/7/2018,Organic,North Carolina,Product 4,99,3,297,delayed,no,(4) high
3/7/2018,Ad,Florida,Product 3,299,3,897,on-time,no,(3) ok
3/7/2018,Organic,Georgia,Product 2,199,4,796,on-time,no,(3) ok
3/7/2018,Returning,South Carolina,Product 4,99,8,792,delayed,no,(5) very high
3/7/2018,Organic,Georgia,Product 5,399,4,1596,on-time,no,(3) ok
3/7/2018,Returning,Alabama,Product 1,499,4,1996,delayed,yes,(3) ok
3/7/2018,Returning,Alabama,Product 3,299,6,1794,on-time,no,(4) high
3/8/2018,Returning,Georgia,Product 1,499,7,3493,on-time,no,(2) low
3/8/2018,Returning,Florida,Product 4,99,4,396,on-time,no,(3) ok
3/8/2018,Returning,Tennessee,Product 2,199,2,398,on-time,no,(2) low
3/9/2018,Returning,Tennessee,Product 2,199,6,1194,delayed,no,(4) high
3/9/2018,Organic,Mississippi,Product 5,399,8,3192,delayed,no,(4) high
3/10/2018,Ad,Alabama,Product 1,499,1,499,on-time,no,(2) low
3/10/2018,Ad,South Carolina,Product 3,299,6,1794,delayed,no,(3) ok
3/11/2018,Organic,North Carolina,Product 2,199,3,597,on-time,no,(2) low
3/11/2018,Ad,Georgia,Product 5,399,10,3990,delayed,no,(3) ok
3/11/2018,Organic,Alabama,Product 5,399,5,1995,on-time,no,(1) very low
3/12/2018,Organic,Georgia,Product 3,299,6,1794,on-time,no,(4) high
3/12/2018,Organic,Mississippi,Product 1,499,6,2994,delayed,no,(3) ok
3/12/2018,Ad,Georgia,Product 3,299,2,598,on-time,no,(3) ok
3/12/2018,Returning,Alabama,Product 2,199,5,995,on-time,no,(3) ok
3/12/2018,Ad,Mississippi,Product 3,299,9,2691,on-time,no,(4) high
3/13/2018,Returning,Mississippi,Product 2,199,4,796,on-time,no,(3) ok
3/13/2018,Returning,Tennessee,Product 3,299,2,598,delayed,no,(3) ok
3/13/2018,Returning,North Carolina,Product 1,499,9,4491,on-time,no,(2) low
3/13/2018,Organic,Florida,Product 3,299,6,1794,on-time,no,(5) very high
3/13/2018,Organic,Mississippi,Product 2,199,7,1393,on-time,no,(1) very low
3/13/2018,Returning,Mississippi,Product 1,499,10,4990,delayed,no,(4) high
3/14/2018,Ad,Tennessee,Product 4,99,7,693,delayed,no,(3) ok
3/14/2018,Returning,North Carolina,Product 3,299,5,1495,delayed,no,(4) high
3/14/2018,Ad,Georgia,Product 5,399,3,1197,delayed,no,(1) very low
3/14/2018,Ad,Tennessee,Product 1,499,5,2495,delayed,no,(4) high
3/14/2018,Returning,Georgia,Product 5,399,9,3591,on-time,no,(4) high
3/14/2018,Ad,Mississippi,Product 3,299,5,1495,on-time,no,(3) ok
3/14/2018,Returning,North Carolina,Product 1,499,1,499,on-time,yes,(4) high
3/14/2018,Organic,Mississippi,Product 3,299,5,1495,on-time,no,(2) low
3/14/2018,Ad,Alabama,Product 5,399,2,798,delayed,no,(3) ok
3/14/2018,Organic,Mississippi,Product 4,99,6,594,delayed,no,(4) high
3/14/2018,Organic,Alabama,Product 5,399,1,399,delayed,no,(4) high
3/14/2018,Organic,Tennessee,Product 4,99,1,99,on-time,no,(3) ok
3/14/2018,Ad,Tennessee,Product 3,299,6,1794,delayed,no,(3) ok
3/14/2018,Organic,Alabama,Product 5,399,7,2793,delayed,no,(2) low
3/15/2018,Returning,Alabama,Product 3,299,2,598,delayed,no,(3) ok
3/15/2018,Organic,Georgia,Product 3,299,1,299,on-time,no,(4) high
3/15/2018,Organic,Mississippi,Product 5,399,10,3990,delayed,no,(4) high
3/15/2018,Ad,Alabama,Product 1,499,6,2994,on-time,no,(5) very high
3/15/2018,Organic,Florida,Product 5,399,2,798,on-time,no,(3) ok
3/15/2018,Returning,North Carolina,Product 5,399,4,1596,on-time,no,(4) high
3/16/2018,Organic,Florida,Product 1,499,3,1497,on-time,no,(1) very low
3/16/2018,Returning,Florida,Product 4,99,2,198,on-time,yes,(3) ok
3/16/2018,Ad,Florida,Product 1,499,1,499,on-time,no,(2) low
3/16/2018,Returning,Alabama,Product 5,399,9,3591,on-time,no,(1) very low
3/16/2018,Organic,Georgia,Product 1,499,5,2495,on-time,no,(4) high
3/16/2018,Returning,Georgia,Product 2,199,6,1194,delayed,no,(4) high
3/16/2018,Ad,South Carolina,Product 1,499,7,3493,on-time,no,(1) very low
3/16/2018,Organic,Florida,Product 4,99,6,594,on-time,no,(4) high
3/16/2018,Returning,Mississippi,Product 5,399,4,1596,delayed,no,(2) low
3/16/2018,Returning,Georgia,Product 2,199,5,995,on-time,no,(4) high
3/16/2018,Ad,Tennessee,Product 1,499,1,499,on-time,no,(3) ok
3/16/2018,Ad,Mississippi,Product 2,199,3,597,on-time,yes,(4) high
3/16/2018,Organic,Mississippi,Product 3,299,9,2691,on-time,no,(2) low
3/16/2018,Organic,Alabama,Product 3,299,9,2691,on-time,no,(1) very low
3/16/2018,Returning,South Carolina,Product 4,99,10,990,delayed,yes,(4) high
3/16/2018,Ad,Mississippi,Product 3,299,9,2691,on-time,no,(3) ok
3/16/2018,Returning,South Carolina,Product 1,499,9,4491,delayed,no,(4) high
3/16/2018,Ad,South Carolina,Product 5,399,7,2793,on-time,no,(2) low
3/16/2018,Returning,North Carolina,Product 3,299,4,1196,on-time,no,(4) high
3/16/2018,Ad,Alabama,Product 4,99,3,297,on-time,no,(5) very high
3/16/2018,Returning,North Carolina,Product 4,99,4,396,on-time,no,(4) high
3/16/2018,Organic,South Carolina,Product 4,99,8,792,delayed,no,(3) ok
3/16/2018,Ad,Mississippi,Product 1,499,2,998,delayed,no,(4) high
3/16/2018,Ad,South Carolina,Product 4,99,5,495,delayed,yes,(5) very high
3/17/2018,Ad,Georgia,Product 1,499,3,1497,delayed,no,(3) ok
3/17/2018,Organic,South Carolina,Product 4,99,1,99,on-time,no,(4) high
3/17/2018,Organic,Florida,Product 4,99,3,297,on-time,no,(3) ok
3/17/2018,Returning,Florida,Product 3,299,4,1196,on-time,no,(1) very low
3/17/2018,Organic,Mississippi,Product 4,99,4,396,on-time,no,(3) ok
3/17/2018,Returning,Mississippi,Product 2,199,5,995,on-time,no,(1) very low
3/17/2018,Organic,Tennessee,Product 2,199,7,1393,on-time,no,(4) high
3/17/2018,Returning,Florida,Product 1,499,8,3992,on-time,no,(3) ok
3/17/2018,Organic,North Carolina,Product 2,199,7,1393,on-time,no,(1) very low
3/18/2018,Organic,Tennessee,Product 1,499,9,4491,on-time,no,(1) very low
3/18/2018,Returning,Mississippi,Product 1,499,1,499,on-time,yes,(4) high
3/19/2018,Returning,Florida,Product 4,99,7,693,on-time,no,(5) very high
3/19/2018,Ad,Florida,Product 4,99,10,990,on-time,no,(4) high
3/19/2018,Organic,Florida,Product 3,299,3,897,on-time,no,(2) low
3/19/2018,Ad,Tennessee,Product 4,99,6,594,delayed,no,(3) ok
3/19/2018,Organic,Georgia,Product 2,199,10,1990,on-time,no,(4) high
3/19/2018,Returning,South Carolina,Product 3,299,3,897,on-time,no,(2) low
3/19/2018,Organic,North Carolina,Product 2,199,5,995,delayed,no,(5) very high
3/19/2018,Organic,North Carolina,Product 4,99,10,990,delayed,no,(3) ok
3/19/2018,Returning,Florida,Product 5,399,6,2394,on-time,no,(3) ok
3/19/2018,Organic,Florida,Product 2,199,5,995,delayed,no,(3) ok
3/19/2018,Organic,Tennessee,Product 4,99,4,396,on-time,no,(4) high
3/19/2018,Returning,Georgia,Product 4,99,2,198,on-time,no,(3) ok
3/19/2018,Ad,Mississippi,Product 3,299,3,897,on-time,no,(3) ok
3/20/2018,Returning,Georgia,Product 1,499,5,2495,on-time,no,(3) ok
3/20/2018,Organic,Georgia,Product 3,299,9,2691,on-time,yes,(2) low
3/21/2018,Returning,Georgia,Product 4,99,2,198,on-time,no,(4) high
3/21/2018,Organic,Mississippi,Product 1,499,1,499,on-time,no,(1) very low
3/21/2018,Organic,North Carolina,Product 2,199,2,398,delayed,no,(4) high
3/22/2018,Ad,Alabama,Product 5,399,10,3990,delayed,no,(4) high
3/22/2018,Returning,Tennessee,Product 1,499,8,3992,on-time,no,(4) high
3/22/2018,Ad,Georgia,Product 5,399,10,3990,on-time,no,(1) very low
3/22/2018,Returning,Georgia,Product 4,99,5,495,on-time,no,(3) ok
3/22/2018,Organic,Tennessee,Product 5,399,6,2394,on-time,no,(3) ok
3/22/2018,Ad,North Carolina,Product 4,99,10,990,delayed,no,(2) low
3/22/2018,Organic,Mississippi,Product 4,99,7,693,on-time,no,(4) high
3/22/2018,Organic,South Carolina,Product 2,199,3,597,delayed,no,(4) high
3/22/2018,Organic,North Carolina,Product 4,99,5,495,delayed,no,(3) ok
3/22/2018,Ad,North Carolina,Product 3,299,6,1794,on-time,no,(1) very low
3/22/2018,Returning,North Carolina,Product 4,99,3,297,delayed,no,(3) ok
3/22/2018,Ad,Mississippi,Product 1,499,5,2495,delayed,no,(4) high
3/22/2018,Organic,Tennessee,Product 5,399,7,2793,delayed,no,(4) high
3/23/2018,Ad,Alabama,Product 4,99,7,693,delayed,no,(2) low
3/23/2018,Ad,Alabama,Product 5,399,5,1995,on-time,no,(2) low
3/23/2018,Organic,South Carolina,Product 2,199,10,1990,delayed,no,(4) high
3/23/2018,Organic,Tennessee,Product 5,399,10,3990,delayed,no,(1) very low
3/24/2018,Returning,Tennessee,Product 1,499,9,4491,delayed,no,(5) very high
3/24/2018,Organic,North Carolina,Product 2,199,4,796,delayed,no,(5) very high
3/25/2018,Organic,Mississippi,Product 5,399,8,3192,delayed,no,(5) very high
3/25/2018,Ad,Alabama,Product 4,99,4,396,on-time,no,(3) ok
3/25/2018,Organic,Tennessee,Product 1,499,4,1996,on-time,yes,(4) high
3/26/2018,Organic,Georgia,Product 5,399,9,3591,delayed,no,(2) low
3/26/2018,Organic,Florida,Product 4,99,7,693,on-time,no,(1) very low
3/27/2018,Ad,Tennessee,Product 2,199,9,1791,on-time,no,(1) very low
3/27/2018,Returning,Mississippi,Product 2,199,10,1990,on-time,no,(2) low
3/27/2018,Ad,Tennessee,Product 4,99,7,693,on-time,no,(3) ok
3/27/2018,Organic,Tennessee,Product 1,499,6,2994,on-time,no,(3) ok
3/28/2018,Ad,Georgia,Product 3,299,2,598,on-time,no,(4) high
3/28/2018,Returning,South Carolina,Product 5,399,5,1995,on-time,no,(4) high
3/28/2018,Returning,Georgia,Product 5,399,10,3990,delayed,no,(3) ok
3/28/2018,Returning,Georgia,Product 4,99,5,495,on-time,no,(3) ok
3/29/2018,Returning,Alabama,Product 3,299,3,897,delayed,no,(2) low
3/29/2018,Returning,Mississippi,Product 5,399,9,3591,delayed,no,(4) high
3/29/2018,Organic,Alabama,Product 3,299,4,1196,on-time,no,(3) ok
3/29/2018,Organic,Tennessee,Product 5,399,2,798,delayed,no,(2) low
3/29/2018,Ad,South Carolina,Product 3,299,1,299,on-time,no,(5) very high
3/29/2018,Returning,Mississippi,Product 3,299,2,598,on-time,no,(4) high
3/29/2018,Returning,Mississippi,Product 2,199,10,1990,on-time,no,(5) very high
3/29/2018,Ad,Tennessee,Product 4,99,7,693,delayed,no,(2) low
3/30/2018,Organic,North Carolina,Product 2,199,5,995,on-time,no,(3) ok
3/30/2018,Organic,Mississippi,Product 4,99,1,99,delayed,no,(2) low
3/30/2018,Ad,Georgia,Product 3,299,7,2093,on-time,no,(2) low
3/30/2018,Returning,North Carolina,Product 5,399,9,3591,delayed,no,(3) ok
3/31/2018,Returning,Tennessee,Product 1,499,4,1996,on-time,yes,(1) very low
3/31/2018,Organic,Alabama,Product 2,199,7,1393,delayed,no,(3) ok
3/31/2018,Returning,Georgia,Product 2,199,4,796,delayed,no,(1) very low
3/31/2018,Returning,Georgia,Product 4,99,6,594,on-time,yes,(3) ok
3/31/2018,Returning,Tennessee,Product 4,99,8,792,on-time,no,(3) ok
3/31/2018,Organic,South Carolina,Product 3,299,8,2392,on-time,yes,(2) low
3/31/2018,Ad,Florida,Product 3,299,9,2691,on-time,no,(3) ok
3/31/2018,Ad,North Carolina,Product 1,499,8,3992,delayed,no,(4) high
3/31/2018,Organic,Mississippi,Product 3,299,4,1196,on-time,no,(3) ok
3/31/2018,Ad,Tennessee,Product 2,199,3,597,delayed,no,(5) very high
3/31/2018,Returning,Mississippi,Product 1,499,2,998,on-time,no,(3) ok
4/1/2018,Ad,Mississippi,Product 1,499,4,1996,on-time,no,(3) ok
4/1/2018,Returning,Mississippi,Product 1,499,3,1497,delayed,no,(3) ok
4/1/2018,Returning,Mississippi,Product 4,99,2,198,on-time,no,(4) high
4/1/2018,Returning,Florida,Product 2,199,2,398,delayed,no,(3) ok
4/1/2018,Returning,Tennessee,Product 4,99,3,297,on-time,no,(2) low
4/1/2018,Ad,South Carolina,Product 4,99,4,396,on-time,no,(3) ok
4/1/2018,Ad,Georgia,Product 5,399,3,1197,delayed,no,(3) ok
4/1/2018,Organic,Florida,Product 1,499,8,3992,delayed,no,(3) ok
4/1/2018,Returning,North Carolina,Product 1,499,3,1497,delayed,no,(3) ok
4/1/2018,Returning,Alabama,Product 3,299,5,1495,on-time,no,(2) low
4/1/2018,Returning,Alabama,Product 4,99,6,594,on-time,no,(3) ok
4/1/2018,Ad,Alabama,Product 2,199,9,1791,on-time,no,(3) ok
4/1/2018,Ad,Florida,Product 1,499,5,2495,on-time,no,(4) high
4/1/2018,Returning,Florida,Product 3,299,6,1794,on-time,no,(4) high
4/1/2018,Ad,South Carolina,Product 1,499,9,4491,on-time,no,(2) low
4/1/2018,Ad,Mississippi,Product 2,199,4,796,on-time,no,(3) ok
4/1/2018,Returning,Mississippi,Product 5,399,7,2793,on-time,no,(3) ok
4/1/2018,Returning,North Carolina,Product 3,299,5,1495,on-time,no,(4) high
4/1/2018,Returning,North Carolina,Product 3,299,1,299,delayed,no,(2) low
4/1/2018,Ad,Florida,Product 5,399,2,798,on-time,no,(2) low
4/1/2018,Ad,Tennessee,Product 3,299,8,2392,on-time,no,(3) ok
4/1/2018,Organic,Florida,Product 3,299,2,598,on-time,no,(3) ok
4/1/2018,Ad,Tennessee,Product 4,99,3,297,on-time,no,(4) high
4/2/2018,Organic,North Carolina,Product 1,499,2,998,delayed,no,(2) low
4/2/2018,Returning,Florida,Product 5,399,7,2793,on-time,no,(3) ok
4/2/2018,Organic,Tennessee,Product 5,399,5,1995,on-time,no,(5) very high
4/3/2018,Returning,Mississippi,Product 3,299,2,598,on-time,yes,(3) ok
4/3/2018,Returning,South Carolina,Product 1,499,4,1996,on-time,no,(4) high
4/3/2018,Organic,Alabama,Product 1,499,3,1497,on-time,no,(3) ok
4/3/2018,Returning,South Carolina,Product 3,299,4,1196,delayed,no,(2) low
4/3/2018,Returning,Georgia,Product 2,199,8,1592,on-time,no,(5) very high
4/3/2018,Ad,Georgia,Product 4,99,6,594,delayed,no,(3) ok
4/4/2018,Organic,Tennessee,Product 2,199,6,1194,delayed,no,(4) high
4/4/2018,Organic,Tennessee,Product 2,199,8,1592,delayed,no,(3) ok
4/4/2018,Organic,Georgia,Product 5,399,10,3990,on-time,no,(3) ok
4/4/2018,Returning,Georgia,Product 1,499,7,3493,on-time,no,(3) ok
4/4/2018,Ad,North Carolina,Product 2,199,4,796,delayed,yes,(4) high
4/4/2018,Organic,Mississippi,Product 3,299,7,2093,delayed,no,(1) very low
4/4/2018,Organic,Mississippi,Product 3,299,6,1794,on-time,yes,(3) ok
4/4/2018,Returning,Tennessee,Product 3,299,6,1794,delayed,no,(5) very high
4/4/2018,Organic,South Carolina,Product 1,499,7,3493,delayed,no,(3) ok
4/4/2018,Ad,Alabama,Product 5,399,8,3192,on-time,no,(3) ok
4/5/2018,Returning,Alabama,Product 1,499,7,3493,delayed,no,(3) ok
4/5/2018,Ad,Alabama,Product 3,299,4,1196,on-time,no,(4) high
4/5/2018,Ad,Tennessee,Product 1,499,3,1497,on-time,no,(3) ok
4/5/2018,Returning,Mississippi,Product 4,99,1,99,on-time,no,(5) very high
4/5/2018,Ad,Mississippi,Product 4,99,1,99,delayed,no,(4) high
4/5/2018,Organic,Mississippi,Product 3,299,7,2093,delayed,no,(3) ok
4/5/2018,Ad,Georgia,Product 5,399,1,399,delayed,no,(4) high
4/5/2018,Organic,Mississippi,Product 4,99,5,495,on-time,no,(3) ok
4/5/2018,Returning,Florida,Product 2,199,7,1393,on-time,no,(2) low
4/5/2018,Ad,Tennessee,Product 2,199,7,1393,on-time,no,(3) ok
4/5/2018,Organic,Tennessee,Product 5,399,2,798,on-time,no,(5) very high
4/6/2018,Organic,Georgia,Product 2,199,9,1791,delayed,no,(4) high
4/6/2018,Ad,Florida,Product 4,99,4,396,delayed,no,(1) very low
4/6/2018,Returning,Tennessee,Product 1,499,1,499,delayed,no,(4) high
4/6/2018,Organic,Alabama,Product 5,399,3,1197,on-time,yes,(2) low
4/6/2018,Organic,Florida,Product 2,199,3,597,on-time,no,(1) very low
4/7/2018,Ad,South Carolina,Product 3,299,1,299,on-time,no,(4) high
4/7/2018,Ad,Alabama,Product 5,399,9,3591,on-time,no,(3) ok
4/8/2018,Organic,Georgia,Product 5,399,3,1197,on-time,no,(1) very low
4/8/2018,Organic,Alabama,Product 5,399,5,1995,on-time,no,(1) very low
4/8/2018,Organic,North Carolina,Product 2,199,7,1393,delayed,no,(4) high
4/8/2018,Ad,Florida,Product 4,99,9,891,on-time,no,(3) ok
4/8/2018,Organic,Mississippi,Product 1,499,3,1497,delayed,no,(5) very high
4/8/2018,Returning,Florida,Product 5,399,4,1596,delayed,no,(2) low
4/8/2018,Returning,South Carolina,Product 1,499,2,998,on-time,no,(4) high
4/9/2018,Returning,Mississippi,Product 2,199,2,398,on-time,no,(3) ok
4/10/2018,Ad,Tennessee,Product 3,299,1,299,delayed,no,(3) ok
4/10/2018,Returning,Florida,Product 2,199,9,1791,on-time,no,(4) high
4/11/2018,Returning,Tennessee,Product 1,499,5,2495,on-time,no,(5) very high
4/11/2018,Ad,Mississippi,Product 1,499,5,2495,delayed,no,(4) high
4/11/2018,Ad,Florida,Product 1,499,5,2495,on-time,no,(1) very low
4/11/2018,Organic,South Carolina,Product 3,299,10,2990,on-time,no,(3) ok
4/12/2018,Organic,Mississippi,Product 3,299,4,1196,delayed,no,(5) very high
4/12/2018,Organic,South Carolina,Product 1,499,9,4491,delayed,no,(3) ok
4/12/2018,Ad,Georgia,Product 5,399,5,1995,on-time,no,(1) very low
4/12/2018,Organic,North Carolina,Product 1,499,6,2994,on-time,no,(3) ok
4/12/2018,Returning,Mississippi,Product 5,399,8,3192,on-time,no,(2) low
4/12/2018,Organic,Florida,Product 1,499,1,499,on-time,no,(5) very high
4/12/2018,Ad,South Carolina,Product 5,399,1,399,delayed,no,(1) very low
4/12/2018,Ad,Florida,Product 3,299,5,1495,on-time,yes,(3) ok
4/12/2018,Organic,Florida,Product 4,99,7,693,on-time,no,(1) very low
4/12/2018,Organic,Tennessee,Product 2,199,2,398,on-time,no,(3) ok
4/13/2018,Organic,South Carolina,Product 1,499,1,499,on-time,no,(3) ok
4/14/2018,Organic,Mississippi,Product 3,299,7,2093,on-time,no,(2) low
4/14/2018,Organic,Tennessee,Product 5,399,10,3990,on-time,no,(2) low
4/14/2018,Organic,South Carolina,Product 3,299,10,2990,delayed,no,(4) high
4/15/2018,Ad,Tennessee,Product 4,99,4,396,on-time,no,(4) high
4/16/2018,Organic,Georgia,Product 1,499,1,499,delayed,no,(3) ok
4/16/2018,Ad,Tennessee,Product 1,499,5,2495,on-time,no,(4) high
4/16/2018,Organic,Tennessee,Product 1,499,4,1996,on-time,no,(2) low
4/16/2018,Organic,Florida,Product 4,99,9,891,delayed,no,(3) ok
4/16/2018,Organic,Alabama,Product 3,299,5,1495,on-time,yes,(3) ok
4/16/2018,Organic,Georgia,Product 5,399,2,798,on-time,no,(4) high
4/16/2018,Ad,Mississippi,Product 5,399,3,1197,delayed,no,(2) low
4/16/2018,Returning,Alabama,Product 5,399,5,1995,on-time,no,(2) low
4/16/2018,Organic,Georgia,Product 4,99,9,891,delayed,no,(1) very low
4/16/2018,Ad,Georgia,Product 1,499,10,4990,on-time,no,(2) low
4/17/2018,Organic,Georgia,Product 5,399,7,2793,on-time,no,(3) ok
4/18/2018,Ad,Mississippi,Product 4,99,2,198,on-time,no,(5) very high
4/18/2018,Returning,South Carolina,Product 4,99,2,198,on-time,no,(5) very high
4/18/2018,Returning,South Carolina,Product 4,99,8,792,on-time,no,(3) ok
4/18/2018,Returning,Tennessee,Product 2,199,4,796,delayed,no,(1) very low
4/18/2018,Returning,Florida,Product 5,399,9,3591,on-time,no,(3) ok
4/18/2018,Organic,Mississippi,Product 3,299,3,897,delayed,no,(3) ok
4/18/2018,Returning,Florida,Product 4,99,5,495,on-time,no,(3) ok
4/18/2018,Ad,Mississippi,Product 5,399,4,1596,delayed,no,(3) ok
4/18/2018,Ad,South Carolina,Product 3,299,3,897,delayed,yes,(3) ok
4/18/2018,Ad,North Carolina,Product 1,499,1,499,on-time,no,(3) ok
4/18/2018,Organic,Georgia,Product 1,499,10,4990,delayed,no,(3) ok
4/18/2018,Returning,Georgia,Product 1,499,5,2495,on-time,no,(4) high
4/18/2018,Ad,Alabama,Product 3,299,6,1794,on-time,no,(2) low
4/18/2018,Organic,Georgia,Product 3,299,6,1794,on-time,yes,(2) low
4/19/2018,Ad,North Carolina,Product 1,499,3,1497,delayed,no,(4) high
4/19/2018,Ad,Florida,Product 3,299,7,2093,on-time,no,(4) high
4/19/2018,Ad,Mississippi,Product 2,199,5,995,on-time,no,(5) very high
4/19/2018,Ad,Georgia,Product 5,399,5,1995,on-time,no,(1) very low
4/19/2018,Returning,South Carolina,Product 4,99,1,99,delayed,no,(2) low
4/19/2018,Ad,Florida,Product 2,199,8,1592,on-time,no,(2) low
4/20/2018,Organic,Georgia,Product 3,299,10,2990,on-time,no,(3) ok
4/20/2018,Ad,Mississippi,Product 2,199,9,1791,on-time,no,(3) ok
4/20/2018,Ad,Florida,Product 4,99,4,396,delayed,no,(5) very high
4/20/2018,Ad,Mississippi,Product 4,99,9,891,on-time,no,(3) ok
4/20/2018,Ad,South Carolina,Product 1,499,9,4491,delayed,no,(5) very high
4/20/2018,Returning,Alabama,Product 3,299,5,1495,on-time,yes,(2) low
4/21/2018,Returning,North Carolina,Product 3,299,2,598,on-time,no,(3) ok
4/21/2018,Organic,North Carolina,Product 3,299,7,2093,on-time,no,(3) ok
4/21/2018,Organic,Georgia,Product 4,99,3,297,delayed,no,(2) low
4/22/2018,Organic,Mississippi,Product 5,399,5,1995,on-time,no,(3) ok
4/22/2018,Ad,Mississippi,Product 5,399,3,1197,on-time,no,(3) ok
4/22/2018,Ad,Tennessee,Product 5,399,2,798,on-time,no,(4) high
4/22/2018,Returning,Georgia,Product 4,99,9,891,on-time,no,(3) ok
4/22/2018,Returning,Florida,Product 2,199,5,995,on-time,no,(3) ok
4/22/2018,Organic,Mississippi,Product 5,399,7,2793,on-time,no,(1) very low
4/22/2018,Organic,Florida,Product 4,99,3,297,on-time,no,(3) ok
4/22/2018,Ad,Mississippi,Product 3,299,7,2093,delayed,no,(2) low
4/22/2018,Returning,Alabama,Product 4,99,6,594,on-time,no,(2) low
4/22/2018,Ad,Tennessee,Product 4,99,2,198,on-time,no,(1) very low
4/22/2018,Returning,Alabama,Product 1,499,9,4491,delayed,no,(2) low
4/22/2018,Organic,Florida,Product 5,399,7,2793,on-time,no,(5) very high
4/22/2018,Returning,Mississippi,Product 2,199,7,1393,on-time,no,(1) very low
4/22/2018,Returning,South Carolina,Product 1,499,8,3992,delayed,no,(4) high
4/22/2018,Ad,Mississippi,Product 2,199,9,1791,delayed,no,(1) very low
4/23/2018,Returning,North Carolina,Product 1,499,6,2994,on-time,no,(2) low
4/23/2018,Ad,Mississippi,Product 5,399,6,2394,delayed,yes,(2) low
4/24/2018,Organic,Tennessee,Product 2,199,3,597,on-time,no,(3) ok
4/24/2018,Ad,Alabama,Product 5,399,2,798,on-time,no,(3) ok
4/24/2018,Returning,North Carolina,Product 1,499,4,1996,on-time,no,(3) ok
4/24/2018,Returning,Tennessee,Product 4,99,3,297,on-time,no,(3) ok
4/24/2018,Ad,South Carolina,Product 2,199,7,1393,on-time,no,(2) low
4/24/2018,Ad,Mississippi,Product 3,299,8,2392,on-time,no,(2) low
4/24/2018,Organic,Georgia,Product 5,399,1,399,on-time,no,(4) high
4/24/2018,Ad,Georgia,Product 4,99,7,693,on-time,no,(4) high
4/25/2018,Organic,North Carolina,Product 1,499,9,4491,on-time,no,(4) high
4/25/2018,Ad,Mississippi,Product 3,299,4,1196,on-time,no,(3) ok
4/25/2018,Organic,South Carolina,Product 3,299,5,1495,on-time,no,(3) ok
4/26/2018,Organic,Georgia,Product 5,399,6,2394,on-time,no,(2) low
4/27/2018,Organic,North Carolina,Product 5,399,7,2793,on-time,no,(2) low
4/27/2018,Ad,North Carolina,Product 2,199,1,199,on-time,no,(4) high
4/27/2018,Ad,Florida,Product 1,499,5,2495,on-time,no,(2) low
4/27/2018,Organic,Georgia,Product 3,299,10,2990,on-time,yes,(1) very low
4/27/2018,Returning,Tennessee,Product 3,299,2,598,on-time,no,(3) ok
4/27/2018,Ad,North Carolina,Product 1,499,7,3493,on-time,no,(4) high
4/27/2018,Ad,South Carolina,Product 3,299,1,299,on-time,no,(4) high
4/27/2018,Ad,Mississippi,Product 2,199,8,1592,on-time,no,(3) ok
4/27/2018,Returning,North Carolina,Product 5,399,1,399,delayed,no,(3) ok
4/28/2018,Returning,Alabama,Product 3,299,2,598,on-time,no,(4) high
4/28/2018,Ad,Alabama,Product 5,399,1,399,delayed,no,(3) ok
4/28/2018,Ad,Mississippi,Product 2,199,10,1990,on-time,no,(3) ok
4/28/2018,Ad,Georgia,Product 3,299,4,1196,delayed,yes,(3) ok
4/28/2018,Ad,North Carolina,Product 4,99,4,396,delayed,no,(2) low
4/28/2018,Ad,Georgia,Product 1,499,5,2495,delayed,no,(2) low
4/28/2018,Ad,Tennessee,Product 4,99,3,297,on-time,no,(5) very high
4/28/2018,Ad,Alabama,Product 5,399,1,399,on-time,no,(4) high
4/28/2018,Ad,Georgia,Product 5,399,3,1197,on-time,yes,(4) high
4/28/2018,Ad,North Carolina,Product 3,299,1,299,on-time,no,(1) very low
4/28/2018,Returning,Georgia,Product 3,299,7,2093,on-time,no,(3) ok
4/28/2018,Returning,Mississippi,Product 2,199,9,1791,delayed,no,(2) low
4/28/2018,Ad,South Carolina,Product 5,399,8,3192,on-time,no,(3) ok
4/28/2018,Ad,Florida,Product 5,399,9,3591,on-time,no,(3) ok
4/28/2018,Ad,North Carolina,Product 5,399,1,399,on-time,no,(2) low
4/28/2018,Ad,Alabama,Product 5,399,9,3591,delayed,yes,(1) very low
4/28/2018,Organic,North Carolina,Product 5,399,7,2793,on-time,no,(3) ok
4/28/2018,Organic,Florida,Product 2,199,8,1592,on-time,no,(3) ok
4/29/2018,Ad,Tennessee,Product 3,299,5,1495,on-time,no,(3) ok
4/30/2018,Ad,Tennessee,Product 2,199,8,1592,on-time,no,(4) high
4/30/2018,Organic,Tennessee,Product 4,99,10,990,on-time,no,(3) ok
4/30/2018,Returning,Florida,Product 4,99,6,594,delayed,no,(3) ok
5/1/2018,Organic,South Carolina,Product 4,99,7,693,delayed,no,(4) high
5/1/2018,Ad,Alabama,Product 1,499,8,3992,on-time,yes,(4) high
5/1/2018,Ad,Mississippi,Product 4,99,5,495,delayed,no,(4) high
5/1/2018,Organic,Georgia,Product 2,199,3,597,delayed,yes,(1) very low
5/2/2018,Returning,Tennessee,Product 2,199,6,1194,on-time,no,(2) low
5/3/2018,Organic,South Carolina,Product 5,399,5,1995,on-time,no,(4) high
5/3/2018,Returning,North Carolina,Product 3,299,3,897,on-time,no,(1) very low
5/3/2018,Organic,Alabama,Product 1,499,8,3992,delayed,no,(1) very low
5/4/2018,Ad,South Carolina,Product 3,299,2,598,on-time,no,(5) very high
5/5/2018,Ad,Alabama,Product 5,399,10,3990,on-time,no,(4) high
5/5/2018,Organic,North Carolina,Product 3,299,1,299,on-time,no,(2) low
5/5/2018,Returning,Florida,Product 1,499,10,4990,on-time,no,(1) very low
5/5/2018,Returning,South Carolina,Product 2,199,3,597,delayed,no,(4) high
5/5/2018,Returning,Georgia,Product 1,499,1,499,delayed,yes,(4) high
5/6/2018,Organic,Georgia,Product 3,299,10,2990,on-time,no,(3) ok
5/6/2018,Ad,Alabama,Product 2,199,8,1592,delayed,yes,(3) ok
5/6/2018,Returning,Alabama,Product 4,99,9,891,on-time,no,(2) low
5/6/2018,Ad,North Carolina,Product 3,299,8,2392,delayed,no,(5) very high
5/6/2018,Ad,Tennessee,Product 4,99,7,693,on-time,no,(4) high
5/6/2018,Organic,Alabama,Product 4,99,2,198,on-time,no,(5) very high
5/6/2018,Returning,Florida,Product 3,299,8,2392,on-time,no,(3) ok
5/6/2018,Returning,Alabama,Product 1,499,10,4990,delayed,no,(4) high
5/6/2018,Returning,Tennessee,Product 1,499,3,1497,on-time,no,(2) low
5/6/2018,Ad,Florida,Product 2,199,9,1791,on-time,no,(4) high
5/6/2018,Organic,South Carolina,Product 2,199,10,1990,on-time,no,(2) low
5/7/2018,Returning,South Carolina,Product 1,499,5,2495,delayed,no,(4) high
5/7/2018,Ad,South Carolina,Product 3,299,6,1794,on-time,no,(2) low
5/7/2018,Ad,Alabama,Product 3,299,9,2691,delayed,no,(3) ok
5/7/2018,Organic,North Carolina,Product 3,299,3,897,on-time,no,(4) high
5/8/2018,Ad,Mississippi,Product 3,299,3,897,on-time,no,(3) ok
5/8/2018,Ad,Florida,Product 2,199,5,995,on-time,no,(2) low
5/9/2018,Ad,Alabama,Product 4,99,2,198,on-time,no,(4) high
5/9/2018,Organic,Tennessee,Product 4,99,8,792,on-time,no,(4) high
5/9/2018,Organic,South Carolina,Product 1,499,3,1497,on-time,no,(3) ok
5/9/2018,Organic,Tennessee,Product 1,499,10,4990,on-time,no,(1) very low
5/9/2018,Returning,Alabama,Product 3,299,6,1794,on-time,no,(4) high
5/9/2018,Returning,Mississippi,Product 3,299,2,598,on-time,no,(4) high
5/9/2018,Returning,Mississippi,Product 1,499,4,1996,on-time,no,(4) high
5/9/2018,Organic,South Carolina,Product 2,199,9,1791,delayed,yes,(4) high
5/9/2018,Organic,South Carolina,Product 4,99,1,99,on-time,no,(2) low
5/9/2018,Ad,Georgia,Product 1,499,5,2495,delayed,no,(4) high
5/9/2018,Organic,Alabama,Product 4,99,4,396,on-time,no,(2) low
5/9/2018,Ad,Florida,Product 5,399,1,399,delayed,no,(2) low
5/9/2018,Organic,North Carolina,Product 1,499,5,2495,delayed,no,(3) ok
5/9/2018,Ad,Alabama,Product 3,299,6,1794,on-time,no,(4) high
5/9/2018,Organic,Florida,Product 3,299,4,1196,on-time,no,(1) very low
5/9/2018,Ad,Florida,Product 4,99,6,594,on-time,no,(3) ok
5/9/2018,Ad,Mississippi,Product 1,499,7,3493,on-time,no,(3) ok
5/9/2018,Returning,North Carolina,Product 4,99,5,495,delayed,no,(5) very high
5/9/2018,Ad,North Carolina,Product 5,399,1,399,delayed,no,(5) very high
5/9/2018,Organic,Mississippi,Product 5,399,2,798,delayed,yes,(3) ok
5/9/2018,Returning,Georgia,Product 4,99,7,693,on-time,no,(4) high
5/9/2018,Ad,Tennessee,Product 5,399,9,3591,delayed,no,(4) high
5/9/2018,Organic,Georgia,Product 5,399,6,2394,delayed,no,(3) ok
5/9/2018,Organic,South Carolina,Product 3,299,9,2691,on-time,no,(2) low
5/9/2018,Ad,North Carolina,Product 4,99,4,396,delayed,no,(1) very low
5/9/2018,Ad,Georgia,Product 1,499,8,3992,on-time,no,(4) high
5/9/2018,Ad,Georgia,Product 2,199,7,1393,on-time,no,(3) ok
5/9/2018,Ad,South Carolina,Product 4,99,6,594,delayed,no,(2) low
5/9/2018,Returning,Florida,Product 2,199,6,1194,on-time,no,(5) very high
5/9/2018,Ad,South Carolina,Product 1,499,2,998,on-time,no,(3) ok
5/9/2018,Ad,Alabama,Product 2,199,3,597,on-time,no,(3) ok
5/9/2018,Ad,Georgia,Product 1,499,1,499,on-time,no,(3) ok
5/10/2018,Returning,Florida,Product 3,299,3,897,delayed,no,(5) very high
5/11/2018,Ad,Georgia,Product 5,399,9,3591,on-time,no,(3) ok
5/11/2018,Returning,Alabama,Product 5,399,4,1596,on-time,no,(4) high
5/11/2018,Returning,Alabama,Product 1,499,4,1996,on-time,no,(4) high
5/12/2018,Returning,North Carolina,Product 3,299,4,1196,delayed,yes,(3) ok
5/12/2018,Returning,North Carolina,Product 5,399,8,3192,delayed,no,(4) high
5/12/2018,Ad,North Carolina,Product 2,199,7,1393,on-time,no,(3) ok
5/13/2018,Organic,North Carolina,Product 3,299,4,1196,delayed,no,(5) very high
5/13/2018,Ad,South Carolina,Product 5,399,8,3192,on-time,no,(3) ok
5/13/2018,Organic,Georgia,Product 1,499,9,4491,on-time,no,(2) low
5/13/2018,Organic,Tennessee,Product 1,499,4,1996,on-time,no,(3) ok
5/14/2018,Organic,Mississippi,Product 4,99,10,990,on-time,yes,(3) ok
5/15/2018,Ad,Mississippi,Product 1,499,4,1996,on-time,no,(3) ok
5/15/2018,Organic,Florida,Product 1,499,10,4990,delayed,no,(2) low
5/16/2018,Returning,Georgia,Product 5,399,1,399,delayed,yes,(2) low
5/16/2018,Ad,Tennessee,Product 2,199,2,398,on-time,no,(4) high
5/16/2018,Ad,Tennessee,Product 5,399,1,399,on-time,no,(4) high
5/16/2018,Returning,Alabama,Product 2,199,1,199,on-time,no,(1) very low
5/16/2018,Returning,Alabama,Product 1,499,10,4990,on-time,no,(5) very high
5/16/2018,Organic,North Carolina,Product 3,299,7,2093,delayed,no,(2) low
5/16/2018,Organic,Alabama,Product 3,299,8,2392,on-time,no,(3) ok
5/16/2018,Returning,Mississippi,Product 4,99,10,990,on-time,no,(3) ok
5/16/2018,Ad,Tennessee,Product 2,199,7,1393,on-time,no,(4) high
5/17/2018,Returning,Florida,Product 3,299,5,1495,delayed,no,(3) ok
5/17/2018,Returning,Tennessee,Product 5,399,4,1596,on-time,no,(1) very low
5/17/2018,Ad,South Carolina,Product 1,499,7,3493,on-time,no,(4) high
5/17/2018,Organic,Tennessee,Product 2,199,4,796,on-time,no,(2) low
5/17/2018,Organic,North Carolina,Product 5,399,5,1995,on-time,no,(4) high
5/17/2018,Ad,South Carolina,Product 2,199,8,1592,on-time,no,(2) low
5/17/2018,Ad,Georgia,Product 4,99,1,99,on-time,no,(3) ok
5/17/2018,Ad,Georgia,Product 1,499,8,3992,delayed,yes,(5) very high
5/17/2018,Ad,Mississippi,Product 2,199,7,1393,delayed,no,(4) high
5/17/2018,Organic,Georgia,Product 2,199,10,1990,on-time,yes,(1) very low
5/17/2018,Returning,Tennessee,Product 4,99,10,990,on-time,yes,(2) low
5/17/2018,Returning,North Carolina,Product 4,99,9,891,delayed,no,(2) low
5/17/2018,Returning,North Carolina,Product 2,199,9,1791,on-time,no,(5) very high
5/18/2018,Organic,Mississippi,Product 1,499,7,3493,delayed,no,(2) low
5/18/2018,Ad,South Carolina,Product 5,399,5,1995,on-time,yes,(2) low
5/18/2018,Ad,Alabama,Product 1,499,6,2994,on-time,no,(3) ok
5/18/2018,Organic,Mississippi,Product 1,499,10,4990,on-time,no,(3) ok
5/18/2018,Returning,Florida,Product 1,499,1,499,on-time,no,(3) ok
5/18/2018,Ad,South Carolina,Product 2,199,3,597,on-time,no,(4) high
5/18/2018,Ad,Alabama,Product 3,299,8,2392,on-time,yes,(3) ok
5/18/2018,Returning,Georgia,Product 4,99,10,990,on-time,no,(2) low
5/18/2018,Ad,South Carolina,Product 4,99,8,792,delayed,no,(3) ok
5/19/2018,Ad,Florida,Product 1,499,4,1996,on-time,no,(4) high
5/19/2018,Ad,Alabama,Product 5,399,4,1596,on-time,no,(3) ok
5/19/2018,Organic,Tennessee,Product 1,499,8,3992,on-time,no,(3) ok
5/20/2018,Organic,North Carolina,Product 3,299,10,2990,on-time,no,(4) high
5/21/2018,Ad,Mississippi,Product 1,499,7,3493,on-time,no,(3) ok
5/21/2018,Ad,South Carolina,Product 2,199,3,597,delayed,no,(4) high
5/21/2018,Organic,North Carolina,Product 3,299,1,299,on-time,no,(3) ok
5/21/2018,Ad,South Carolina,Product 2,199,4,796,on-time,no,(1) very low
5/21/2018,Returning,Mississippi,Product 4,99,1,99,on-time,no,(3) ok
5/21/2018,Organic,Alabama,Product 4,99,4,396,delayed,no,(2) low
5/21/2018,Ad,Mississippi,Product 4,99,1,99,delayed,no,(2) low
5/21/2018,Organic,Mississippi,Product 1,499,9,4491,on-time,no,(1) very low
5/22/2018,Organic,North Carolina,Product 3,299,6,1794,on-time,no,(2) low
5/22/2018,Returning,Florida,Product 1,499,6,2994,delayed,no,(4) high
5/22/2018,Ad,Tennessee,Product 4,99,5,495,on-time,no,(4) high
5/22/2018,Ad,North Carolina,Product 5,399,5,1995,on-time,no,(2) low
5/22/2018,Organic,Georgia,Product 5,399,10,3990,on-time,no,(1) very low
5/22/2018,Returning,Florida,Product 3,299,9,2691,delayed,no,(3) ok
5/22/2018,Returning,Georgia,Product 4,99,3,297,delayed,no,(4) high
5/22/2018,Ad,Georgia,Product 4,99,1,99,delayed,no,(5) very high
5/23/2018,Ad,North Carolina,Product 4,99,2,198,delayed,no,(3) ok
5/23/2018,Organic,North Carolina,Product 1,499,10,4990,on-time,no,(3) ok
5/23/2018,Returning,Alabama,Product 5,399,4,1596,on-time,no,(3) ok
5/23/2018,Ad,South Carolina,Product 4,99,6,594,on-time,no,(4) high
5/23/2018,Returning,North Carolina,Product 5,399,1,399,on-time,no,(5) very high
5/24/2018,Returning,Alabama,Product 5,399,10,3990,delayed,no,(3) ok
5/24/2018,Ad,Florida,Product 5,399,7,2793,on-time,no,(3) ok
5/25/2018,Organic,Alabama,Product 5,399,9,3591,on-time,no,(2) low
5/26/2018,Returning,North Carolina,Product 5,399,7,2793,on-time,yes,(5) very high
5/26/2018,Organic,Alabama,Product 4,99,8,792,on-time,no,(3) ok
5/26/2018,Organic,Alabama,Product 1,499,10,4990,delayed,no,(3) ok
5/26/2018,Ad,Tennessee,Product 2,199,8,1592,on-time,yes,(4) high
5/26/2018,Ad,Alabama,Product 2,199,8,1592,on-time,no,(1) very low
5/26/2018,Ad,Mississippi,Product 5,399,2,798,delayed,no,(3) ok
5/26/2018,Ad,Tennessee,Product 2,199,4,796,delayed,no,(3) ok
5/27/2018,Ad,Tennessee,Product 5,399,4,1596,on-time,yes,(4) high
5/27/2018,Ad,South Carolina,Product 2,199,4,796,delayed,no,(3) ok
5/28/2018,Organic,Georgia,Product 2,199,1,199,on-time,no,(3) ok
5/29/2018,Organic,North Carolina,Product 4,99,6,594,on-time,no,(3) ok
5/29/2018,Returning,North Carolina,Product 4,99,5,495,on-time,no,(3) ok
5/30/2018,Ad,Tennessee,Product 5,399,3,1197,on-time,no,(2) low
5/30/2018,Returning,Alabama,Product 5,399,6,2394,on-time,no,(3) ok
5/30/2018,Returning,North Carolina,Product 1,499,7,3493,on-time,no,(3) ok
5/31/2018,Returning,Alabama,Product 5,399,9,3591,on-time,no,(5) very high
6/1/2018,Returning,Mississippi,Product 2,199,5,995,on-time,no,(1) very low
6/2/2018,Organic,Mississippi,Product 4,99,3,297,on-time,no,(3) ok
6/2/2018,Ad,Georgia,Product 4,99,5,495,delayed,no,(2) low
6/2/2018,Ad,Georgia,Product 2,199,7,1393,delayed,no,(2) low
6/2/2018,Ad,South Carolina,Product 2,199,9,1791,on-time,no,(5) very high
6/2/2018,Ad,Georgia,Product 5,399,4,1596,on-time,no,(1) very low
6/2/2018,Organic,Tennessee,Product 4,99,9,891,on-time,no,(1) very low
6/2/2018,Organic,Florida,Product 1,499,8,3992,delayed,no,(4) high
6/2/2018,Organic,South Carolina,Product 5,399,3,1197,delayed,no,(2) low
6/3/2018,Ad,Georgia,Product 3,299,6,1794,delayed,no,(4) high
6/3/2018,Organic,Tennessee,Product 4,99,9,891,delayed,no,(3) ok
6/3/2018,Organic,Mississippi,Product 2,199,9,1791,on-time,no,(3) ok
6/3/2018,Organic,Mississippi,Product 3,299,8,2392,delayed,no,(2) low
6/3/2018,Organic,Tennessee,Product 3,299,10,2990,on-time,no,(2) low
6/3/2018,Ad,South Carolina,Product 1,499,3,1497,delayed,yes,(1) very low
6/4/2018,Organic,Tennessee,Product 4,99,2,198,on-time,no,(2) low
6/4/2018,Ad,Florida,Product 4,99,1,99,on-time,no,(3) ok
6/5/2018,Returning,Mississippi,Product 5,399,3,1197,delayed,no,(3) ok
6/5/2018,Organic,Alabama,Product 4,99,10,990,on-time,no,(1) very low
6/6/2018,Ad,Tennessee,Product 4,99,3,297,delayed,no,(4) high
6/6/2018,Ad,South Carolina,Product 5,399,2,798,delayed,no,(3) ok
6/6/2018,Returning,Mississippi,Product 4,99,5,495,on-time,no,(3) ok
6/6/2018,Ad,Alabama,Product 4,99,10,990,on-time,no,(2) low
6/6/2018,Ad,Mississippi,Product 1,499,3,1497,delayed,no,(3) ok
6/6/2018,Ad,Georgia,Product 4,99,10,990,on-time,no,(1) very low
6/6/2018,Organic,Mississippi,Product 5,399,5,1995,on-time,no,(2) low
6/6/2018,Ad,Tennessee,Product 1,499,2,998,on-time,no,(3) ok
6/6/2018,Ad,Alabama,Product 1,499,1,499,delayed,no,(1) very low
6/7/2018,Returning,Alabama,Product 3,299,5,1495,on-time,no,(2) low
6/8/2018,Returning,North Carolina,Product 5,399,2,798,on-time,no,(3) ok
6/8/2018,Returning,North Carolina,Product 5,399,4,1596,on-time,no,(2) low
6/8/2018,Returning,Georgia,Product 3,299,5,1495,delayed,yes,(4) high
6/8/2018,Returning,Alabama,Product 2,199,4,796,on-time,no,(3) ok
6/8/2018,Organic,Florida,Product 1,499,6,2994,on-time,no,(4) high
6/8/2018,Ad,Mississippi,Product 1,499,5,2495,on-time,no,(1) very low
6/9/2018,Returning,North Carolina,Product 4,99,5,495,delayed,no,(2) low
6/9/2018,Ad,Mississippi,Product 1,499,8,3992,delayed,yes,(2) low
6/10/2018,Ad,Alabama,Product 1,499,5,2495,on-time,no,(3) ok
6/10/2018,Organic,North Carolina,Product 4,99,6,594,on-time,no,(4) high
6/11/2018,Organic,Alabama,Product 2,199,10,1990,on-time,no,(4) high
6/12/2018,Ad,Georgia,Product 4,99,5,495,delayed,no,(2) low
6/12/2018,Returning,South Carolina,Product 4,99,8,792,on-time,no,(5) very high
6/13/2018,Ad,North Carolina,Product 5,399,4,1596,delayed,no,(5) very high
6/13/2018,Organic,Mississippi,Product 3,299,8,2392,delayed,no,(4) high
6/14/2018,Returning,Florida,Product 2,199,4,796,on-time,no,(4) high
6/14/2018,Returning,Georgia,Product 5,399,4,1596,delayed,no,(4) high
6/15/2018,Ad,Florida,Product 4,99,9,891,on-time,no,(4) high
6/15/2018,Organic,Georgia,Product 2,199,10,1990,on-time,no,(5) very high
6/15/2018,Returning,South Carolina,Product 5,399,5,1995,delayed,no,(3) ok
6/15/2018,Ad,Tennessee,Product 4,99,3,297,delayed,no,(3) ok
6/15/2018,Returning,Alabama,Product 5,399,10,3990,delayed,no,(2) low
6/15/2018,Returning,South Carolina,Product 5,399,3,1197,delayed,no,(3) ok
6/15/2018,Returning,Mississippi,Product 4,99,6,594,on-time,no,(3) ok
6/15/2018,Organic,North Carolina,Product 2,199,3,597,delayed,no,(2) low
6/16/2018,Organic,South Carolina,Product 4,99,7,693,on-time,yes,(1) very low
6/16/2018,Ad,Georgia,Product 2,199,7,1393,on-time,no,(3) ok
6/17/2018,Organic,Georgia,Product 3,299,7,2093,delayed,no,(4) high
6/17/2018,Ad,Mississippi,Product 3,299,4,1196,on-time,no,(4) high
6/17/2018,Ad,Alabama,Product 1,499,7,3493,on-time,yes,(3) ok
6/17/2018,Ad,South Carolina,Product 2,199,2,398,on-time,no,(3) ok
6/17/2018,Returning,South Carolina,Product 3,299,7,2093,on-time,no,(3) ok
6/18/2018,Organic,Mississippi,Product 4,99,4,396,delayed,no,(3) ok
6/18/2018,Ad,North Carolina,Product 1,499,10,4990,on-time,no,(2) low
6/18/2018,Returning,Florida,Product 1,499,6,2994,delayed,no,(3) ok
6/19/2018,Returning,North Carolina,Product 4,99,4,396,delayed,no,(1) very low
6/19/2018,Returning,Florida,Product 3,299,3,897,delayed,yes,(2) low
6/19/2018,Organic,Georgia,Product 5,399,6,2394,delayed,no,(2) low
6/19/2018,Organic,South Carolina,Product 4,99,7,693,delayed,no,(1) very low
6/19/2018,Organic,Alabama,Product 1,499,7,3493,on-time,yes,(5) very high
6/19/2018,Ad,Mississippi,Product 1,499,10,4990,on-time,no,(4) high
6/19/2018,Returning,South Carolina,Product 2,199,2,398,on-time,no,(5) very high
6/19/2018,Organic,Florida,Product 2,199,7,1393,on-time,no,(3) ok
6/19/2018,Ad,Georgia,Product 4,99,7,693,delayed,no,(4) high
6/19/2018,Returning,Georgia,Product 4,99,4,396,delayed,no,(1) very low
6/20/2018,Ad,South Carolina,Product 3,299,10,2990,delayed,no,(4) high
6/21/2018,Organic,Georgia,Product 3,299,2,598,delayed,no,(2) low
6/22/2018,Organic,South Carolina,Product 3,299,1,299,delayed,no,(5) very high
6/22/2018,Ad,Alabama,Product 1,499,3,1497,on-time,no,(3) ok
6/22/2018,Organic,North Carolina,Product 3,299,6,1794,on-time,no,(2) low
6/22/2018,Organic,Georgia,Product 5,399,3,1197,on-time,no,(3) ok
6/23/2018,Organic,Tennessee,Product 3,299,10,2990,delayed,no,(5) very high
6/23/2018,Returning,North Carolina,Product 3,299,8,2392,on-time,no,(2) low
6/23/2018,Organic,Georgia,Product 1,499,1,499,on-time,no,(3) ok
6/23/2018,Ad,North Carolina,Product 5,399,8,3192,on-time,no,(3) ok
6/23/2018,Returning,Alabama,Product 5,399,1,399,on-time,no,(2) low
6/23/2018,Returning,Tennessee,Product 4,99,6,594,delayed,no,(1) very low
6/23/2018,Returning,Mississippi,Product 4,99,3,297,on-time,no,(3) ok
6/23/2018,Returning,South Carolina,Product 1,499,7,3493,delayed,no,(1) very low
6/23/2018,Ad,Georgia,Product 4,99,4,396,on-time,yes,(2) low
6/23/2018,Returning,South Carolina,Product 5,399,8,3192,on-time,no,(3) ok
6/23/2018,Ad,North Carolina,Product 2,199,2,398,on-time,no,(3) ok
6/24/2018,Ad,Georgia,Product 2,199,8,1592,on-time,no,(4) high
6/24/2018,Returning,Tennessee,Product 5,399,9,3591,on-time,yes,(2) low
6/25/2018,Ad,South Carolina,Product 2,199,1,199,delayed,no,(3) ok
6/25/2018,Returning,Tennessee,Product 3,299,7,2093,on-time,no,(3) ok
6/25/2018,Organic,Georgia,Product 3,299,1,299,on-time,no,(2) low
6/25/2018,Organic,Georgia,Product 3,299,3,897,on-time,no,(2) low
6/25/2018,Ad,North Carolina,Product 4,99,6,594,on-time,yes,(3) ok
6/25/2018,Organic,Florida,Product 5,399,6,2394,on-time,no,(5) very high
6/25/2018,Returning,Tennessee,Product 4,99,5,495,delayed,no,(4) high
6/25/2018,Returning,North Carolina,Product 3,299,7,2093,on-time,no,(2) low
6/25/2018,Ad,Tennessee,Product 1,499,1,499,on-time,no,(1) very low
6/25/2018,Organic,South Carolina,Product 1,499,9,4491,on-time,no,(3) ok
6/25/2018,Ad,South Carolina,Product 1,499,9,4491,delayed,no,(2) low
6/26/2018,Organic,South Carolina,Product 5,399,9,3591,delayed,no,(4) high
6/26/2018,Returning,Tennessee,Product 3,299,5,1495,on-time,no,(1) very low
6/26/2018,Organic,South Carolina,Product 2,199,5,995,on-time,no,(1) very low
6/26/2018,Organic,South Carolina,Product 3,299,1,299,on-time,no,(3) ok
6/26/2018,Ad,Florida,Product 5,399,8,3192,on-time,no,(3) ok
6/26/2018,Ad,Mississippi,Product 1,499,8,3992,delayed,no,(4) high
6/26/2018,Organic,Georgia,Product 3,299,3,897,delayed,no,(4) high
6/26/2018,Ad,Tennessee,Product 1,499,1,499,delayed,no,(3) ok
6/26/2018,Organic,North Carolina,Product 3,299,4,1196,on-time,no,(4) high
6/26/2018,Organic,Tennessee,Product 5,399,8,3192,on-time,no,(5) very high
6/27/2018,Organic,South Carolina,Product 5,399,1,399,delayed,no,(3) ok
6/28/2018,Organic,South Carolina,Product 5,399,9,3591,on-time,no,(2) low
6/28/2018,Returning,North Carolina,Product 3,299,6,1794,on-time,no,(1) very low
6/28/2018,Returning,Mississippi,Product 5,399,5,1995,on-time,no,(4) high
6/28/2018,Returning,Georgia,Product 2,199,10,1990,on-time,no,(2) low
6/28/2018,Organic,Alabama,Product 5,399,2,798,on-time,no,(3) ok
6/28/2018,Ad,South Carolina,Product 2,199,1,199,delayed,no,(4) high
6/28/2018,Ad,North Carolina,Product 2,199,7,1393,delayed,no,(4) high
6/29/2018,Returning,Florida,Product 4,99,8,792,on-time,yes,(4) high
6/29/2018,Returning,Mississippi,Product 1,499,10,4990,on-time,no,(1) very low
6/29/2018,Organic,South Carolina,Product 3,299,1,299,on-time,no,(3) ok
6/29/2018,Organic,Tennessee,Product 4,99,4,396,on-time,no,(3) ok
6/29/2018,Organic,Alabama,Product 3,299,4,1196,delayed,no,(3) ok
6/29/2018,Ad,Alabama,Product 4,99,2,198,delayed,no,(4) high
6/29/2018,Ad,Florida,Product 3,299,3,897,on-time,no,(3) ok
6/29/2018,Ad,Mississippi,Product 3,299,4,1196,delayed,no,(3) ok
6/29/2018,Organic,Mississippi,Product 2,199,7,1393,on-time,no,(1) very low
6/30/2018,Returning,Florida,Product 3,299,8,2392,delayed,no,(3) ok
6/30/2018,Organic,Alabama,Product 1,499,7,3493,on-time,no,(4) high
6/30/2018,Organic,North Carolina,Product 4,99,7,693,delayed,no,(2) low
6/30/2018,Organic,South Carolina,Product 2,199,6,1194,delayed,no,(3) ok
7/1/2018,Organic,North Carolina,Product 4,99,6,594,on-time,no,(3) ok
7/1/2018,Returning,North Carolina,Product 3,299,1,299,delayed,no,(2) low
7/2/2018,Returning,Tennessee,Product 1,499,2,998,on-time,no,(5) very high
7/2/2018,Ad,South Carolina,Product 3,299,1,299,on-time,no,(4) high
7/2/2018,Returning,Alabama,Product 2,199,5,995,on-time,no,(3) ok
7/2/2018,Organic,North Carolina,Product 4,99,6,594,delayed,no,(3) ok
7/2/2018,Returning,Tennessee,Product 1,499,8,3992,on-time,no,(2) low
7/2/2018,Organic,Alabama,Product 1,499,10,4990,on-time,no,(5) very high
7/3/2018,Organic,Alabama,Product 1,499,5,2495,delayed,no,(4) high
7/3/2018,Ad,Georgia,Product 4,99,9,891,on-time,no,(5) very high
7/3/2018,Ad,Tennessee,Product 2,199,4,796,delayed,no,(3) ok
7/3/2018,Organic,Tennessee,Product 5,399,2,798,on-time,no,(4) high
7/3/2018,Organic,Tennessee,Product 3,299,4,1196,delayed,no,(5) very high
7/3/2018,Ad,Georgia,Product 3,299,10,2990,delayed,no,(3) ok
7/3/2018,Returning,Georgia,Product 1,499,8,3992,on-time,yes,(3) ok
7/4/2018,Returning,Tennessee,Product 1,499,7,3493,on-time,yes,(3) ok
7/4/2018,Returning,North Carolina,Product 3,299,2,598,on-time,no,(2) low
7/4/2018,Ad,Mississippi,Product 1,499,9,4491,on-time,yes,(4) high
7/4/2018,Organic,South Carolina,Product 2,199,1,199,delayed,no,(2) low
7/4/2018,Organic,Mississippi,Product 4,99,4,396,delayed,no,(4) high
7/4/2018,Ad,Mississippi,Product 4,99,7,693,on-time,no,(2) low
7/4/2018,Ad,Alabama,Product 3,299,3,897,on-time,no,(2) low
7/4/2018,Returning,Mississippi,Product 1,499,1,499,on-time,no,(3) ok
7/4/2018,Returning,South Carolina,Product 3,299,1,299,on-time,no,(5) very high
7/4/2018,Organic,Mississippi,Product 4,99,9,891,on-time,no,(3) ok
7/4/2018,Ad,Mississippi,Product 5,399,3,1197,delayed,no,(3) ok
7/4/2018,Ad,South Carolina,Product 2,199,7,1393,delayed,no,(4) high
7/4/2018,Returning,Mississippi,Product 5,399,8,3192,delayed,no,(3) ok
7/4/2018,Returning,Mississippi,Product 1,499,6,2994,on-time,no,(2) low
7/4/2018,Returning,Tennessee,Product 2,199,6,1194,on-time,no,(4) high
7/4/2018,Returning,Florida,Product 1,499,8,3992,on-time,no,(3) ok
7/5/2018,Returning,North Carolina,Product 4,99,3,297,on-time,no,(1) very low
7/5/2018,Returning,Georgia,Product 1,499,8,3992,delayed,no,(2) low
7/5/2018,Returning,Florida,Product 3,299,4,1196,on-time,no,(5) very high
7/5/2018,Ad,North Carolina,Product 4,99,4,396,delayed,yes,(4) high
7/5/2018,Ad,Mississippi,Product 1,499,7,3493,on-time,no,(4) high
7/5/2018,Ad,North Carolina,Product 4,99,5,495,on-time,no,(4) high
7/5/2018,Returning,Georgia,Product 5,399,3,1197,on-time,no,(4) high
7/6/2018,Organic,North Carolina,Product 4,99,3,297,on-time,no,(3) ok
7/6/2018,Returning,Alabama,Product 5,399,7,2793,delayed,no,(3) ok
7/6/2018,Returning,Florida,Product 1,499,4,1996,on-time,no,(3) ok
7/6/2018,Returning,Alabama,Product 2,199,4,796,on-time,no,(3) ok
7/7/2018,Organic,South Carolina,Product 3,299,4,1196,delayed,no,(2) low
7/7/2018,Ad,Georgia,Product 2,199,3,597,on-time,no,(3) ok
7/7/2018,Ad,Tennessee,Product 1,499,5,2495,on-time,yes,(3) ok
7/7/2018,Ad,Florida,Product 4,99,5,495,delayed,no,(1) very low
7/8/2018,Returning,South Carolina,Product 1,499,7,3493,delayed,no,(5) very high
7/8/2018,Organic,North Carolina,Product 2,199,4,796,on-time,yes,(2) low
7/9/2018,Ad,North Carolina,Product 4,99,7,693,on-time,no,(3) ok
7/9/2018,Returning,Alabama,Product 1,499,6,2994,on-time,no,(3) ok
7/9/2018,Organic,Florida,Product 2,199,1,199,delayed,no,(3) ok
7/9/2018,Returning,South Carolina,Product 5,399,9,3591,delayed,no,(1) very low
7/9/2018,Organic,South Carolina,Product 2,199,9,1791,on-time,no,(2) low
7/9/2018,Ad,Florida,Product 5,399,6,2394,on-time,no,(2) low
7/10/2018,Returning,Georgia,Product 1,499,4,1996,on-time,no,(3) ok
7/10/2018,Ad,Florida,Product 1,499,8,3992,on-time,no,(3) ok
7/11/2018,Organic,Tennessee,Product 3,299,10,2990,delayed,no,(4) high
7/12/2018,Organic,Mississippi,Product 4,99,3,297,on-time,no,(5) very high
7/12/2018,Returning,Tennessee,Product 5,399,5,1995,on-time,no,(4) high
7/12/2018,Organic,Mississippi,Product 5,399,8,3192,on-time,no,(3) ok
7/12/2018,Organic,Florida,Product 3,299,9,2691,delayed,no,(4) high
7/12/2018,Ad,Mississippi,Product 4,99,6,594,on-time,no,(2) low
7/12/2018,Ad,Tennessee,Product 3,299,5,1495,on-time,yes,(3) ok
7/12/2018,Organic,Tennessee,Product 3,299,10,2990,on-time,no,(4) high
7/12/2018,Returning,North Carolina,Product 3,299,6,1794,delayed,yes,(3) ok
7/12/2018,Ad,South Carolina,Product 5,399,6,2394,on-time,no,(2) low
7/12/2018,Returning,Tennessee,Product 5,399,1,399,delayed,no,(3) ok
7/12/2018,Ad,Florida,Product 5,399,2,798,on-time,no,(3) ok
7/13/2018,Organic,South Carolina,Product 1,499,9,4491,on-time,no,(4) high
7/13/2018,Organic,Alabama,Product 2,199,1,199,on-time,no,(3) ok
7/14/2018,Returning,Florida,Product 2,199,3,597,on-time,no,(4) high
7/14/2018,Organic,Alabama,Product 1,499,4,1996,on-time,no,(3) ok
7/14/2018,Returning,South Carolina,Product 5,399,8,3192,on-time,no,(4) high
7/14/2018,Returning,Alabama,Product 1,499,9,4491,on-time,no,(4) high
7/14/2018,Organic,Mississippi,Product 3,299,10,2990,on-time,no,(3) ok
7/14/2018,Returning,Tennessee,Product 5,399,4,1596,delayed,yes,(3) ok
7/14/2018,Returning,South Carolina,Product 3,299,10,2990,delayed,no,(1) very low
7/15/2018,Ad,Tennessee,Product 1,499,10,4990,delayed,yes,(2) low
7/15/2018,Ad,Georgia,Product 4,99,1,99,delayed,no,(3) ok
7/15/2018,Ad,South Carolina,Product 4,99,1,99,on-time,no,(2) low
7/15/2018,Ad,Alabama,Product 1,499,7,3493,on-time,no,(1) very low
7/15/2018,Organic,Mississippi,Product 4,99,4,396,delayed,no,(3) ok
7/15/2018,Ad,Florida,Product 5,399,5,1995,on-time,no,(4) high
7/15/2018,Ad,Georgia,Product 2,199,6,1194,on-time,no,(4) high
7/15/2018,Organic,Mississippi,Product 3,299,6,1794,on-time,yes,(2) low
7/15/2018,Organic,Tennessee,Product 3,299,8,2392,delayed,no,(4) high
7/16/2018,Organic,South Carolina,Product 1,499,1,499,on-time,no,(1) very low
7/16/2018,Ad,North Carolina,Product 5,399,5,1995,on-time,no,(4) high
7/16/2018,Organic,North Carolina,Product 1,499,6,2994,delayed,no,(2) low
7/16/2018,Ad,Mississippi,Product 4,99,3,297,on-time,no,(4) high
7/16/2018,Organic,Tennessee,Product 2,199,9,1791,on-time,no,(4) high
7/17/2018,Organic,Tennessee,Product 2,199,10,1990,on-time,no,(4) high
7/18/2018,Ad,Florida,Product 5,399,8,3192,on-time,no,(2) low
7/18/2018,Returning,North Carolina,Product 2,199,7,1393,delayed,yes,(1) very low
7/18/2018,Ad,South Carolina,Product 4,99,6,594,on-time,no,(2) low
7/18/2018,Ad,Georgia,Product 4,99,8,792,delayed,no,(2) low
7/18/2018,Returning,South Carolina,Product 3,299,9,2691,delayed,yes,(5) very high
7/18/2018,Organic,Florida,Product 3,299,9,2691,on-time,no,(4) high
7/18/2018,Returning,Mississippi,Product 1,499,3,1497,on-time,no,(2) low
7/19/2018,Returning,South Carolina,Product 1,499,9,4491,delayed,no,(3) ok
7/20/2018,Organic,Alabama,Product 3,299,9,2691,on-time,no,(4) high
7/20/2018,Organic,Florida,Product 1,499,8,3992,on-time,no,(4) high
7/20/2018,Returning,Tennessee,Product 4,99,8,792,on-time,no,(5) very high
7/20/2018,Organic,Georgia,Product 3,299,1,299,on-time,no,(4) high
7/21/2018,Organic,South Carolina,Product 3,299,7,2093,on-time,no,(2) low
7/22/2018,Ad,Georgia,Product 2,199,4,796,on-time,yes,(2) low
7/23/2018,Organic,South Carolina,Product 3,299,1,299,delayed,no,(1) very low
7/24/2018,Ad,North Carolina,Product 5,399,5,1995,on-time,no,(2) low
7/25/2018,Ad,Mississippi,Product 4,99,1,99,delayed,no,(3) ok
7/26/2018,Organic,Tennessee,Product 1,499,6,2994,delayed,no,(4) high
7/26/2018,Organic,North Carolina,Product 2,199,10,1990,on-time,no,(4) high
7/26/2018,Ad,South Carolina,Product 3,299,9,2691,delayed,no,(4) high
7/26/2018,Returning,Georgia,Product 1,499,2,998,on-time,no,(3) ok
7/26/2018,Returning,Georgia,Product 3,299,1,299,on-time,no,(3) ok
7/27/2018,Returning,Mississippi,Product 3,299,5,1495,delayed,no,(5) very high
7/27/2018,Returning,Georgia,Product 1,499,2,998,on-time,no,(5) very high
7/28/2018,Organic,North Carolina,Product 4,99,8,792,on-time,no,(2) low
7/28/2018,Ad,Tennessee,Product 2,199,1,199,on-time,no,(3) ok
7/28/2018,Ad,Georgia,Product 5,399,4,1596,on-time,no,(3) ok
7/28/2018,Ad,Georgia,Product 5,399,3,1197,on-time,no,(3) ok
7/29/2018,Ad,Tennessee,Product 4,99,8,792,on-time,no,(3) ok
7/30/2018,Ad,Tennessee,Product 1,499,3,1497,on-time,no,(1) very low
7/30/2018,Returning,South Carolina,Product 4,99,7,693,on-time,no,(3) ok
7/30/2018,Returning,Alabama,Product 5,399,1,399,on-time,no,(3) ok
7/30/2018,Organic,North Carolina,Product 5,399,1,399,on-time,no,(3) ok
7/30/2018,Returning,Mississippi,Product 2,199,7,1393,on-time,no,(2) low
7/30/2018,Returning,Mississippi,Product 4,99,3,297,on-time,no,(2) low
7/30/2018,Organic,Tennessee,Product 1,499,5,2495,on-time,no,(4) high
7/30/2018,Organic,Tennessee,Product 3,299,7,2093,delayed,no,(2) low
7/30/2018,Ad,North Carolina,Product 3,299,2,598,delayed,no,(5) very high
7/30/2018,Returning,Georgia,Product 1,499,10,4990,on-time,no,(4) high
7/30/2018,Returning,Tennessee,Product 3,299,5,1495,on-time,no,(4) high
7/30/2018,Ad,Georgia,Product 3,299,4,1196,delayed,no,(3) ok
7/30/2018,Returning,Alabama,Product 2,199,6,1194,delayed,no,(3) ok
7/30/2018,Returning,North Carolina,Product 5,399,9,3591,on-time,no,(1) very low
7/30/2018,Organic,North Carolina,Product 2,199,9,1791,delayed,no,(3) ok
7/30/2018,Ad,Florida,Product 5,399,1,399,on-time,no,(3) ok
7/30/2018,Organic,South Carolina,Product 5,399,10,3990,on-time,no,(2) low
7/30/2018,Ad,Tennessee,Product 1,499,7,3493,on-time,no,(3) ok
7/30/2018,Organic,South Carolina,Product 2,199,7,1393,on-time,no,(2) low
7/30/2018,Organic,North Carolina,Product 4,99,7,693,on-time,no,(4) high
7/30/2018,Ad,Florida,Product 2,199,1,199,delayed,no,(3) ok
7/30/2018,Returning,North Carolina,Product 4,99,4,396,delayed,no,(2) low
7/30/2018,Organic,South Carolina,Product 4,99,7,693,on-time,no,(3) ok
7/30/2018,Organic,Alabama,Product 5,399,3,1197,on-time,no,(3) ok
7/30/2018,Ad,Florida,Product 3,299,9,2691,on-time,no,(3) ok
7/30/2018,Ad,Alabama,Product 5,399,10,3990,on-time,no,(5) very high
7/31/2018,Returning,Georgia,Product 2,199,8,1592,delayed,no,(3) ok
7/31/2018,Ad,Alabama,Product 4,99,5,495,delayed,no,(1) very low
7/31/2018,Ad,Florida,Product 4,99,4,396,on-time,yes,(5) very high
8/1/2018,Organic,Mississippi,Product 3,299,2,598,on-time,no,(2) low
8/1/2018,Organic,Alabama,Product 3,299,10,2990,on-time,no,(3) ok
8/1/2018,Returning,Tennessee,Product 5,399,5,1995,on-time,no,(3) ok
8/1/2018,Organic,Alabama,Product 4,99,4,396,delayed,no,(3) ok
8/1/2018,Returning,Mississippi,Product 4,99,1,99,on-time,no,(3) ok
8/1/2018,Ad,South Carolina,Product 5,399,2,798,delayed,no,(4) high
8/1/2018,Organic,Mississippi,Product 5,399,10,3990,delayed,no,(1) very low
8/1/2018,Ad,Tennessee,Product 4,99,7,693,on-time,no,(5) very high
8/1/2018,Organic,South Carolina,Product 3,299,5,1495,delayed,no,(5) very high
8/1/2018,Returning,South Carolina,Product 5,399,3,1197,on-time,no,(5) very high
8/1/2018,Returning,Florida,Product 2,199,10,1990,delayed,yes,(3) ok
8/1/2018,Organic,South Carolina,Product 4,99,5,495,on-time,no,(3) ok
8/1/2018,Returning,Georgia,Product 5,399,3,1197,on-time,no,(3) ok
8/1/2018,Returning,North Carolina,Product 3,299,1,299,on-time,no,(3) ok
8/1/2018,Returning,Alabama,Product 2,199,4,796,delayed,no,(3) ok
8/1/2018,Organic,Georgia,Product 4,99,4,396,on-time,no,(3) ok
8/1/2018,Organic,Mississippi,Product 5,399,4,1596,on-time,no,(2) low
8/1/2018,Ad,Florida,Product 3,299,7,2093,on-time,no,(4) high
8/2/2018,Organic,Georgia,Product 1,499,10,4990,on-time,no,(3) ok
8/3/2018,Organic,Mississippi,Product 4,99,5,495,on-time,no,(3) ok
8/3/2018,Organic,Tennessee,Product 3,299,8,2392,delayed,no,(3) ok
8/3/2018,Ad,Georgia,Product 5,399,8,3192,on-time,no,(3) ok
8/3/2018,Organic,Florida,Product 3,299,9,2691,delayed,no,(2) low
8/4/2018,Returning,Alabama,Product 4,99,7,693,delayed,no,(1) very low
8/4/2018,Returning,Alabama,Product 5,399,4,1596,on-time,no,(3) ok
8/4/2018,Returning,Mississippi,Product 1,499,4,1996,on-time,no,(5) very high
8/5/2018,Returning,North Carolina,Product 3,299,8,2392,delayed,no,(4) high
8/5/2018,Returning,Tennessee,Product 5,399,7,2793,on-time,no,(3) ok
8/6/2018,Organic,Florida,Product 1,499,10,4990,on-time,no,(5) very high
8/7/2018,Returning,South Carolina,Product 5,399,5,1995,on-time,no,(3) ok
8/8/2018,Organic,Georgia,Product 3,299,8,2392,on-time,no,(4) high
8/8/2018,Organic,Alabama,Product 2,199,7,1393,delayed,no,(4) high
8/8/2018,Organic,Mississippi,Product 5,399,5,1995,on-time,no,(4) high
8/8/2018,Ad,Alabama,Product 2,199,8,1592,delayed,no,(5) very high
8/8/2018,Returning,South Carolina,Product 1,499,7,3493,on-time,no,(4) high
8/8/2018,Returning,South Carolina,Product 4,99,4,396,on-time,no,(4) high
8/8/2018,Returning,South Carolina,Product 4,99,10,990,on-time,no,(2) low
8/9/2018,Ad,Tennessee,Product 2,199,4,796,delayed,no,(3) ok
8/10/2018,Organic,South Carolina,Product 3,299,4,1196,delayed,no,(2) low
8/10/2018,Returning,Florida,Product 3,299,8,2392,on-time,no,(1) very low
8/10/2018,Returning,Tennessee,Product 1,499,2,998,delayed,no,(3) ok
8/10/2018,Organic,Alabama,Product 1,499,1,499,delayed,no,(3) ok
8/10/2018,Ad,Mississippi,Product 5,399,8,3192,on-time,no,(3) ok
8/10/2018,Returning,Georgia,Product 2,199,8,1592,on-time,no,(3) ok
8/10/2018,Ad,Florida,Product 3,299,10,2990,on-time,no,(4) high
8/10/2018,Ad,Georgia,Product 3,299,8,2392,delayed,no,(4) high
8/10/2018,Ad,North Carolina,Product 1,499,9,4491,on-time,no,(2) low
8/11/2018,Ad,North Carolina,Product 3,299,2,598,on-time,no,(4) high
8/11/2018,Ad,North Carolina,Product 4,99,5,495,on-time,no,(1) very low
8/11/2018,Returning,North Carolina,Product 5,399,5,1995,on-time,no,(3) ok
8/11/2018,Returning,Alabama,Product 1,499,5,2495,on-time,no,(3) ok
8/11/2018,Returning,Alabama,Product 5,399,1,399,on-time,no,(2) low
8/11/2018,Returning,South Carolina,Product 5,399,5,1995,on-time,no,(4) high
8/11/2018,Ad,Georgia,Product 5,399,10,3990,on-time,no,(3) ok
8/12/2018,Ad,Alabama,Product 1,499,5,2495,delayed,no,(3) ok
8/13/2018,Ad,South Carolina,Product 4,99,2,198,on-time,no,(5) very high
8/14/2018,Organic,South Carolina,Product 1,499,8,3992,delayed,no,(3) ok
8/14/2018,Returning,Florida,Product 5,399,2,798,on-time,no,(4) high
8/14/2018,Returning,North Carolina,Product 1,499,9,4491,delayed,no,(4) high
8/14/2018,Returning,Mississippi,Product 4,99,6,594,on-time,no,(3) ok
8/14/2018,Organic,North Carolina,Product 1,499,5,2495,on-time,no,(4) high
8/14/2018,Organic,Mississippi,Product 4,99,1,99,on-time,no,(1) very low
8/14/2018,Returning,Florida,Product 1,499,6,2994,delayed,yes,(3) ok
8/15/2018,Ad,South Carolina,Product 2,199,10,1990,on-time,no,(5) very high
8/15/2018,Organic,Georgia,Product 2,199,4,796,delayed,no,(2) low
8/15/2018,Ad,Alabama,Product 2,199,6,1194,on-time,no,(4) high
8/16/2018,Ad,North Carolina,Product 1,499,4,1996,on-time,no,(4) high
8/16/2018,Returning,Tennessee,Product 1,499,5,2495,delayed,no,(2) low
8/16/2018,Organic,Tennessee,Product 2,199,4,796,on-time,yes,(4) high
8/16/2018,Ad,South Carolina,Product 5,399,6,2394,delayed,no,(3) ok
8/16/2018,Ad,Tennessee,Product 1,499,3,1497,on-time,no,(3) ok
8/16/2018,Organic,South Carolina,Product 3,299,9,2691,on-time,no,(3) ok
8/16/2018,Returning,Tennessee,Product 4,99,4,396,on-time,no,(2) low
8/16/2018,Returning,Florida,Product 3,299,9,2691,delayed,yes,(3) ok
8/16/2018,Ad,Florida,Product 2,199,1,199,on-time,no,(3) ok
8/17/2018,Organic,Georgia,Product 2,199,1,199,delayed,no,(3) ok
8/17/2018,Organic,South Carolina,Product 5,399,3,1197,on-time,no,(2) low
8/18/2018,Returning,Alabama,Product 1,499,5,2495,on-time,no,(3) ok
8/18/2018,Ad,North Carolina,Product 3,299,9,2691,on-time,no,(4) high
8/18/2018,Organic,Florida,Product 3,299,1,299,on-time,no,(4) high
8/18/2018,Organic,Tennessee,Product 3,299,1,299,on-time,no,(5) very high
8/18/2018,Ad,Alabama,Product 4,99,3,297,on-time,no,(3) ok
8/18/2018,Returning,Mississippi,Product 1,499,4,1996,on-time,no,(3) ok
8/18/2018,Ad,Mississippi,Product 3,299,7,2093,on-time,no,(3) ok
8/18/2018,Returning,Mississippi,Product 1,499,6,2994,delayed,no,(5) very high
8/18/2018,Organic,South Carolina,Product 2,199,1,199,on-time,no,(3) ok
8/18/2018,Returning,Mississippi,Product 4,99,7,693,on-time,no,(3) ok
8/19/2018,Returning,Tennessee,Product 5,399,8,3192,on-time,no,(2) low
8/19/2018,Ad,Alabama,Product 5,399,8,3192,on-time,no,(4) high
8/19/2018,Ad,Georgia,Product 5,399,10,3990,delayed,no,(4) high
8/19/2018,Returning,Alabama,Product 3,299,5,1495,delayed,no,(4) high
8/19/2018,Ad,Tennessee,Product 5,399,4,1596,delayed,no,(3) ok
8/20/2018,Ad,Mississippi,Product 5,399,5,1995,delayed,no,(4) high
8/20/2018,Organic,Alabama,Product 4,99,8,792,on-time,no,(4) high
8/21/2018,Returning,Georgia,Product 3,299,9,2691,on-time,no,(2) low
8/22/2018,Returning,Tennessee,Product 3,299,4,1196,on-time,no,(3) ok
8/22/2018,Ad,South Carolina,Product 2,199,7,1393,delayed,no,(3) ok
8/22/2018,Organic,Georgia,Product 4,99,4,396,on-time,no,(1) very low
8/22/2018,Returning,South Carolina,Product 5,399,6,2394,on-time,no,(4) high
8/22/2018,Returning,South Carolina,Product 4,99,6,594,on-time,no,(1) very low
8/22/2018,Returning,Florida,Product 5,399,3,1197,delayed,no,(3) ok
8/23/2018,Organic,Alabama,Product 5,399,7,2793,delayed,yes,(5) very high
8/23/2018,Organic,Tennessee,Product 3,299,7,2093,delayed,yes,(3) ok
8/23/2018,Returning,Tennessee,Product 4,99,10,990,on-time,no,(3) ok
8/23/2018,Returning,South Carolina,Product 5,399,1,399,on-time,no,(4) high
8/23/2018,Ad,Tennessee,Product 2,199,7,1393,on-time,no,(4) high
8/24/2018,Returning,Florida,Product 3,299,10,2990,on-time,no,(3) ok
8/24/2018,Ad,South Carolina,Product 3,299,5,1495,on-time,no,(3) ok
8/24/2018,Returning,Georgia,Product 2,199,1,199,on-time,no,(3) ok
8/24/2018,Returning,Florida,Product 5,399,2,798,delayed,no,(3) ok
8/24/2018,Ad,Alabama,Product 5,399,4,1596,delayed,no,(3) ok
8/24/2018,Ad,South Carolina,Product 5,399,9,3591,on-time,no,(1) very low
8/24/2018,Returning,Florida,Product 5,399,2,798,on-time,no,(3) ok
8/25/2018,Organic,Tennessee,Product 4,99,1,99,on-time,no,(2) low
8/25/2018,Organic,Mississippi,Product 4,99,9,891,on-time,no,(3) ok
8/25/2018,Ad,Georgia,Product 2,199,3,597,delayed,no,(1) very low
8/26/2018,Returning,North Carolina,Product 1,499,3,1497,delayed,no,(5) very high
8/26/2018,Returning,North Carolina,Product 5,399,3,1197,on-time,no,(3) ok
8/26/2018,Ad,Florida,Product 5,399,3,1197,on-time,no,(3) ok
8/26/2018,Organic,South Carolina,Product 2,199,4,796,on-time,no,(4) high
8/26/2018,Organic,North Carolina,Product 4,99,3,297,on-time,no,(4) high
8/26/2018,Organic,Tennessee,Product 3,299,8,2392,delayed,no,(3) ok
8/26/2018,Organic,South Carolina,Product 4,99,6,594,delayed,no,(4) high
8/26/2018,Returning,Florida,Product 2,199,3,597,delayed,no,(4) high
8/26/2018,Returning,South Carolina,Product 4,99,1,99,on-time,no,(3) ok
8/26/2018,Organic,Mississippi,Product 2,199,5,995,on-time,no,(2) low
8/26/2018,Organic,Georgia,Product 5,399,7,2793,delayed,no,(3) ok
8/26/2018,Ad,South Carolina,Product 1,499,7,3493,on-time,no,(3) ok
8/26/2018,Returning,Georgia,Product 2,199,6,1194,on-time,no,(3) ok
8/27/2018,Ad,North Carolina,Product 3,299,2,598,on-time,no,(4) high
8/27/2018,Returning,Mississippi,Product 3,299,4,1196,on-time,no,(4) high
8/28/2018,Organic,Alabama,Product 4,99,7,693,on-time,no,(3) ok
8/29/2018,Ad,North Carolina,Product 2,199,7,1393,on-time,no,(4) high
8/29/2018,Organic,Tennessee,Product 2,199,9,1791,delayed,no,(4) high
8/29/2018,Returning,South Carolina,Product 4,99,6,594,on-time,no,(3) ok
8/29/2018,Ad,South Carolina,Product 3,299,1,299,delayed,no,(5) very high
8/29/2018,Returning,Mississippi,Product 1,499,3,1497,on-time,no,(3) ok
8/29/2018,Returning,Florida,Product 2,199,5,995,on-time,no,(4) high
8/29/2018,Organic,North Carolina,Product 4,99,4,396,delayed,no,(3) ok
8/29/2018,Organic,North Carolina,Product 1,499,8,3992,delayed,no,(3) ok
8/29/2018,Returning,Tennessee,Product 2,199,4,796,on-time,no,(4) high
8/29/2018,Ad,Alabama,Product 1,499,9,4491,on-time,no,(5) very high
8/29/2018,Returning,South Carolina,Product 1,499,5,2495,delayed,no,(4) high
8/29/2018,Returning,Florida,Product 4,99,8,792,on-time,no,(4) high
8/29/2018,Returning,North Carolina,Product 2,199,8,1592,on-time,no,(3) ok
8/29/2018,Ad,Mississippi,Product 1,499,9,4491,on-time,no,(1) very low
8/29/2018,Ad,South Carolina,Product 2,199,9,1791,on-time,no,(3) ok
8/29/2018,Ad,Florida,Product 3,299,9,2691,on-time,no,(2) low
8/29/2018,Organic,Florida,Product 5,399,5,1995,on-time,yes,(5) very high
8/30/2018,Returning,Florida,Product 5,399,6,2394,on-time,no,(3) ok
8/30/2018,Organic,Florida,Product 1,499,5,2495,on-time,no,(3) ok
8/30/2018,Organic,Florida,Product 1,499,10,4990,delayed,no,(5) very high
8/31/2018,Organic,Mississippi,Product 1,499,3,1497,delayed,no,(3) ok
8/31/2018,Organic,South Carolina,Product 1,499,7,3493,delayed,no,(3) ok
8/31/2018,Ad,Georgia,Product 4,99,2,198,delayed,no,(3) ok
9/1/2018,Returning,Georgia,Product 1,499,1,499,on-time,no,(4) high
9/2/2018,Ad,Mississippi,Product 2,199,1,199,on-time,no,(2) low
9/2/2018,Ad,Georgia,Product 1,499,2,998,on-time,no,(4) high
9/2/2018,Ad,Mississippi,Product 5,399,10,3990,delayed,no,(2) low
9/2/2018,Organic,Alabama,Product 5,399,1,399,on-time,yes,(5) very high
9/2/2018,Ad,Mississippi,Product 1,499,10,4990,on-time,no,(4) high
9/2/2018,Returning,Florida,Product 4,99,1,99,on-time,no,(5) very high
9/2/2018,Ad,Mississippi,Product 5,399,6,2394,on-time,no,(3) ok
9/2/2018,Ad,Florida,Product 1,499,8,3992,on-time,no,(2) low
9/2/2018,Ad,Tennessee,Product 4,99,7,693,delayed,no,(2) low
9/3/2018,Organic,Tennessee,Product 5,399,2,798,delayed,no,(2) low
9/3/2018,Ad,North Carolina,Product 5,399,1,399,delayed,no,(3) ok
9/3/2018,Returning,Alabama,Product 3,299,2,598,on-time,no,(4) high
9/3/2018,Ad,North Carolina,Product 1,499,1,499,on-time,yes,(4) high
9/3/2018,Organic,Alabama,Product 5,399,4,1596,on-time,yes,(5) very high
9/3/2018,Ad,Mississippi,Product 3,299,3,897,on-time,no,(2) low
9/3/2018,Ad,Tennessee,Product 1,499,2,998,on-time,no,(2) low
9/3/2018,Organic,Florida,Product 2,199,2,398,on-time,no,(4) high
9/3/2018,Returning,Georgia,Product 3,299,6,1794,delayed,no,(4) high
9/3/2018,Organic,Georgia,Product 1,499,1,499,on-time,no,(3) ok
9/3/2018,Returning,Mississippi,Product 5,399,7,2793,on-time,no,(5) very high
9/3/2018,Organic,Tennessee,Product 3,299,10,2990,on-time,no,(1) very low
9/3/2018,Ad,North Carolina,Product 5,399,8,3192,on-time,no,(3) ok
9/3/2018,Organic,Mississippi,Product 4,99,4,396,on-time,no,(2) low
9/3/2018,Organic,Tennessee,Product 5,399,5,1995,on-time,no,(3) ok
9/3/2018,Ad,Alabama,Product 3,299,2,598,on-time,no,(4) high
9/3/2018,Ad,South Carolina,Product 1,499,8,3992,on-time,no,(5) very high
9/3/2018,Organic,South Carolina,Product 1,499,2,998,on-time,no,(3) ok
9/4/2018,Ad,Mississippi,Product 2,199,7,1393,on-time,yes,(3) ok
9/4/2018,Organic,Georgia,Product 3,299,8,2392,on-time,yes,(3) ok
9/4/2018,Organic,Alabama,Product 2,199,5,995,delayed,no,(5) very high
9/4/2018,Organic,Mississippi,Product 3,299,4,1196,on-time,no,(3) ok
9/4/2018,Returning,North Carolina,Product 1,499,10,4990,on-time,no,(1) very low
9/4/2018,Ad,Mississippi,Product 3,299,7,2093,on-time,no,(4) high
9/5/2018,Returning,Florida,Product 2,199,10,1990,delayed,no,(5) very high
9/5/2018,Returning,Florida,Product 5,399,8,3192,on-time,no,(3) ok
9/5/2018,Ad,Tennessee,Product 2,199,5,995,on-time,yes,(4) high
9/5/2018,Organic,Mississippi,Product 3,299,9,2691,on-time,no,(5) very high
9/5/2018,Ad,South Carolina,Product 1,499,9,4491,on-time,no,(3) ok
9/6/2018,Organic,South Carolina,Product 2,199,4,796,on-time,no,(3) ok
9/6/2018,Ad,Tennessee,Product 5,399,10,3990,on-time,no,(3) ok
9/6/2018,Ad,Mississippi,Product 4,99,1,99,on-time,no,(3) ok
9/6/2018,Returning,Tennessee,Product 5,399,4,1596,delayed,no,(4) high
9/6/2018,Returning,South Carolina,Product 4,99,10,990,on-time,no,(3) ok
9/7/2018,Ad,Tennessee,Product 5,399,4,1596,on-time,no,(5) very high
9/7/2018,Organic,Florida,Product 5,399,4,1596,on-time,yes,(1) very low
9/7/2018,Returning,South Carolina,Product 3,299,2,598,on-time,no,(3) ok
9/7/2018,Ad,South Carolina,Product 2,199,7,1393,on-time,no,(5) very high
9/7/2018,Returning,Georgia,Product 2,199,6,1194,on-time,no,(2) low
9/7/2018,Ad,Tennessee,Product 1,499,6,2994,on-time,yes,(5) very high
9/7/2018,Returning,North Carolina,Product 2,199,3,597,on-time,no,(2) low
9/7/2018,Returning,Mississippi,Product 1,499,2,998,on-time,no,(3) ok
9/7/2018,Ad,North Carolina,Product 2,199,6,1194,on-time,no,(3) ok
9/7/2018,Returning,Mississippi,Product 3,299,6,1794,on-time,no,(3) ok
9/7/2018,Organic,Mississippi,Product 1,499,6,2994,on-time,yes,(2) low
9/7/2018,Returning,Mississippi,Product 5,399,5,1995,on-time,no,(5) very high
9/8/2018,Ad,Tennessee,Product 4,99,2,198,delayed,no,(3) ok
9/8/2018,Ad,Mississippi,Product 1,499,4,1996,on-time,no,(3) ok
9/8/2018,Organic,Florida,Product 5,399,10,3990,on-time,no,(4) high
9/8/2018,Ad,North Carolina,Product 5,399,5,1995,on-time,no,(2) low
9/8/2018,Returning,North Carolina,Product 5,399,3,1197,on-time,no,(3) ok
9/9/2018,Ad,North Carolina,Product 4,99,8,792,on-time,no,(3) ok
9/9/2018,Returning,Florida,Product 4,99,4,396,delayed,no,(4) high
9/10/2018,Organic,Tennessee,Product 1,499,1,499,on-time,no,(1) very low
9/10/2018,Organic,Alabama,Product 3,299,9,2691,on-time,no,(4) high
9/10/2018,Ad,Georgia,Product 4,99,8,792,on-time,no,(2) low
9/10/2018,Returning,Tennessee,Product 4,99,7,693,on-time,no,(3) ok
9/10/2018,Returning,Mississippi,Product 4,99,2,198,on-time,no,(4) high
9/10/2018,Ad,Mississippi,Product 5,399,9,3591,delayed,no,(2) low
9/10/2018,Ad,South Carolina,Product 1,499,3,1497,on-time,no,(5) very high
9/11/2018,Organic,Alabama,Product 5,399,8,3192,on-time,yes,(3) ok
9/12/2018,Organic,North Carolina,Product 2,199,7,1393,on-time,no,(5) very high
9/13/2018,Organic,Tennessee,Product 4,99,1,99,delayed,no,(5) very high
9/13/2018,Returning,Alabama,Product 3,299,1,299,on-time,no,(4) high
9/14/2018,Organic,Florida,Product 1,499,6,2994,on-time,no,(5) very high
9/14/2018,Organic,Tennessee,Product 3,299,5,1495,delayed,no,(1) very low
9/14/2018,Organic,Tennessee,Product 3,299,5,1495,on-time,no,(3) ok
9/14/2018,Returning,Florida,Product 3,299,2,598,on-time,no,(2) low
9/14/2018,Organic,Mississippi,Product 4,99,1,99,on-time,no,(3) ok
9/14/2018,Organic,Tennessee,Product 5,399,6,2394,on-time,yes,(3) ok
9/14/2018,Ad,Tennessee,Product 5,399,10,3990,delayed,no,(3) ok
9/14/2018,Organic,Alabama,Product 4,99,4,396,on-time,no,(4) high
9/15/2018,Returning,Florida,Product 3,299,1,299,on-time,no,(5) very high
9/16/2018,Ad,Tennessee,Product 4,99,8,792,on-time,no,(5) very high
9/17/2018,Returning,South Carolina,Product 5,399,5,1995,delayed,no,(3) ok
9/17/2018,Ad,Alabama,Product 2,199,8,1592,delayed,no,(1) very low
9/18/2018,Ad,Tennessee,Product 3,299,5,1495,on-time,no,(3) ok
9/18/2018,Returning,Alabama,Product 5,399,10,3990,on-time,no,(3) ok
9/19/2018,Ad,Tennessee,Product 5,399,8,3192,on-time,no,(4) high
9/19/2018,Organic,Florida,Product 2,199,1,199,on-time,no,(2) low
9/19/2018,Ad,Mississippi,Product 4,99,3,297,delayed,no,(2) low
9/19/2018,Returning,Georgia,Product 3,299,2,598,on-time,no,(5) very high
9/19/2018,Returning,North Carolina,Product 4,99,10,990,delayed,no,(4) high
9/19/2018,Returning,South Carolina,Product 4,99,4,396,delayed,no,(1) very low
9/19/2018,Organic,Tennessee,Product 3,299,3,897,delayed,no,(2) low
9/20/2018,Organic,South Carolina,Product 4,99,2,198,on-time,no,(3) ok
9/20/2018,Ad,Mississippi,Product 2,199,8,1592,on-time,no,(5) very high
9/20/2018,Ad,South Carolina,Product 4,99,4,396,on-time,yes,(4) high
9/20/2018,Ad,Tennessee,Product 3,299,5,1495,on-time,no,(3) ok
9/20/2018,Returning,Alabama,Product 2,199,10,1990,on-time,no,(1) very low
9/20/2018,Organic,Mississippi,Product 4,99,3,297,on-time,no,(4) high
9/21/2018,Ad,Mississippi,Product 2,199,2,398,delayed,no,(4) high
9/21/2018,Ad,Tennessee,Product 5,399,7,2793,on-time,no,(4) high
9/21/2018,Organic,South Carolina,Product 2,199,5,995,on-time,no,(3) ok
9/21/2018,Ad,Florida,Product 1,499,3,1497,delayed,no,(5) very high
9/22/2018,Ad,Georgia,Product 2,199,6,1194,on-time,no,(5) very high
9/22/2018,Ad,Alabama,Product 4,99,9,891,on-time,no,(3) ok
9/22/2018,Ad,Tennessee,Product 1,499,5,2495,delayed,yes,(4) high
9/23/2018,Ad,Tennessee,Product 3,299,7,2093,on-time,no,(3) ok
9/23/2018,Returning,Mississippi,Product 5,399,5,1995,on-time,no,(3) ok
9/23/2018,Ad,Georgia,Product 1,499,10,4990,on-time,no,(2) low
9/23/2018,Ad,Tennessee,Product 2,199,10,1990,on-time,no,(2) low
9/23/2018,Organic,North Carolina,Product 4,99,4,396,on-time,no,(3) ok
9/23/2018,Returning,Alabama,Product 1,499,8,3992,on-time,no,(4) high
9/24/2018,Organic,South Carolina,Product 5,399,9,3591,on-time,no,(2) low
9/24/2018,Returning,North Carolina,Product 2,199,9,1791,delayed,no,(1) very low
9/24/2018,Returning,North Carolina,Product 1,499,4,1996,delayed,no,(5) very high
9/24/2018,Organic,Alabama,Product 5,399,5,1995,delayed,no,(3) ok
9/24/2018,Ad,Florida,Product 1,499,4,1996,on-time,no,(5) very high
9/24/2018,Organic,Georgia,Product 4,99,1,99,delayed,no,(1) very low
9/24/2018,Organic,Alabama,Product 3,299,5,1495,delayed,no,(3) ok
9/25/2018,Ad,Florida,Product 3,299,4,1196,delayed,no,(5) very high
9/25/2018,Organic,South Carolina,Product 1,499,6,2994,delayed,no,(5) very high
9/25/2018,Ad,Mississippi,Product 5,399,4,1596,on-time,no,(3) ok
9/25/2018,Ad,North Carolina,Product 5,399,7,2793,on-time,no,(3) ok
9/26/2018,Ad,Tennessee,Product 4,99,5,495,on-time,no,(3) ok
9/26/2018,Organic,Tennessee,Product 3,299,2,598,delayed,no,(4) high
9/26/2018,Ad,Mississippi,Product 5,399,9,3591,on-time,no,(2) low
9/26/2018,Ad,South Carolina,Product 2,199,8,1592,on-time,no,(3) ok
9/26/2018,Organic,Georgia,Product 4,99,6,594,on-time,no,(1) very low
9/26/2018,Returning,Tennessee,Product 4,99,2,198,delayed,no,(4) high
9/26/2018,Returning,Alabama,Product 4,99,4,396,on-time,no,(2) low
9/26/2018,Ad,Tennessee,Product 5,399,7,2793,on-time,no,(5) very high
9/26/2018,Organic,North Carolina,Product 2,199,6,1194,on-time,no,(4) high
9/26/2018,Organic,North Carolina,Product 2,199,6,1194,on-time,no,(3) ok
9/27/2018,Ad,Tennessee,Product 1,499,8,3992,on-time,no,(1) very low
9/27/2018,Ad,Georgia,Product 4,99,5,495,delayed,no,(3) ok
9/27/2018,Organic,Florida,Product 5,399,6,2394,on-time,no,(1) very low
9/27/2018,Organic,South Carolina,Product 4,99,2,198,on-time,no,(3) ok
9/28/2018,Organic,North Carolina,Product 3,299,10,2990,on-time,no,(3) ok
9/28/2018,Returning,Florida,Product 4,99,9,891,on-time,no,(2) low
9/28/2018,Organic,Florida,Product 1,499,3,1497,on-time,no,(3) ok
9/28/2018,Organic,Tennessee,Product 5,399,9,3591,delayed,yes,(1) very low
9/28/2018,Returning,South Carolina,Product 3,299,10,2990,on-time,no,(3) ok
9/28/2018,Ad,Georgia,Product 5,399,9,3591,on-time,no,(4) high
9/28/2018,Organic,Tennessee,Product 2,199,7,1393,delayed,no,(3) ok
9/28/2018,Ad,Florida,Product 4,99,6,594,delayed,no,(4) high
9/29/2018,Returning,Tennessee,Product 3,299,5,1495,on-time,no,(2) low
9/30/2018,Ad,Mississippi,Product 3,299,3,897,on-time,no,(4) high
9/30/2018,Organic,Tennessee,Product 3,299,7,2093,on-time,no,(4) high
9/30/2018,Ad,South Carolina,Product 2,199,3,597,on-time,no,(5) very high
9/30/2018,Ad,Alabama,Product 3,299,6,1794,on-time,no,(3) ok
9/30/2018,Returning,South Carolina,Product 2,199,2,398,on-time,no,(3) ok
9/30/2018,Returning,South Carolina,Product 2,199,2,398,on-time,no,(3) ok
9/30/2018,Returning,Georgia,Product 4,99,8,792,on-time,no,(2) low
10/1/2018,Organic,North Carolina,Product 2,199,2,398,on-time,no,(2) low
10/1/2018,Returning,Tennessee,Product 2,199,4,796,delayed,no,(4) high
10/1/2018,Ad,Florida,Product 2,199,10,1990,delayed,no,(2) low
10/1/2018,Returning,Alabama,Product 5,399,1,399,on-time,no,(5) very high
10/1/2018,Returning,Mississippi,Product 1,499,1,499,on-time,no,(3) ok
10/1/2018,Returning,Georgia,Product 4,99,7,693,delayed,no,(3) ok
10/1/2018,Returning,Mississippi,Product 2,199,2,398,on-time,yes,(3) ok
10/2/2018,Returning,Florida,Product 1,499,10,4990,delayed,no,(3) ok
10/2/2018,Organic,Mississippi,Product 5,399,3,1197,on-time,no,(2) low
10/3/2018,Ad,Florida,Product 3,299,2,598,delayed,no,(3) ok
10/3/2018,Returning,Florida,Product 2,199,6,1194,delayed,no,(3) ok
10/3/2018,Returning,North Carolina,Product 1,499,5,2495,delayed,yes,(4) high
10/3/2018,Organic,Florida,Product 4,99,6,594,delayed,no,(3) ok
10/3/2018,Ad,North Carolina,Product 4,99,7,693,delayed,no,(2) low
10/3/2018,Organic,Georgia,Product 1,499,1,499,delayed,yes,(1) very low
10/4/2018,Ad,Florida,Product 5,399,5,1995,delayed,no,(5) very high
10/4/2018,Organic,Tennessee,Product 4,99,10,990,on-time,no,(5) very high
10/5/2018,Ad,Alabama,Product 3,299,1,299,on-time,no,(1) very low
10/5/2018,Returning,Tennessee,Product 2,199,6,1194,on-time,no,(3) ok
10/5/2018,Returning,North Carolina,Product 5,399,8,3192,delayed,no,(3) ok
10/5/2018,Ad,North Carolina,Product 3,299,4,1196,on-time,no,(1) very low
10/5/2018,Organic,Alabama,Product 3,299,3,897,delayed,no,(3) ok
10/5/2018,Organic,Florida,Product 3,299,1,299,delayed,no,(3) ok
10/5/2018,Ad,Mississippi,Product 4,99,4,396,on-time,no,(4) high
10/5/2018,Ad,Mississippi,Product 4,99,7,693,delayed,no,(2) low
10/5/2018,Returning,Florida,Product 1,499,3,1497,on-time,no,(1) very low
10/5/2018,Ad,Alabama,Product 4,99,4,396,on-time,no,(1) very low
10/5/2018,Returning,Tennessee,Product 4,99,2,198,on-time,no,(3) ok
10/5/2018,Organic,South Carolina,Product 5,399,7,2793,on-time,no,(5) very high
10/5/2018,Returning,Tennessee,Product 2,199,9,1791,delayed,no,(2) low
10/5/2018,Organic,North Carolina,Product 1,499,4,1996,delayed,no,(5) very high
10/5/2018,Organic,Georgia,Product 4,99,1,99,on-time,no,(4) high
10/5/2018,Organic,Alabama,Product 2,199,5,995,on-time,no,(4) high
10/5/2018,Organic,Alabama,Product 1,499,1,499,on-time,no,(3) ok
10/6/2018,Ad,North Carolina,Product 5,399,1,399,delayed,no,(3) ok
10/6/2018,Organic,Georgia,Product 4,99,10,990,on-time,yes,(3) ok
10/6/2018,Ad,Alabama,Product 1,499,8,3992,on-time,no,(5) very high
10/6/2018,Organic,Alabama,Product 3,299,7,2093,on-time,no,(5) very high
10/6/2018,Ad,Mississippi,Product 4,99,4,396,on-time,yes,(3) ok
10/6/2018,Returning,Georgia,Product 5,399,9,3591,on-time,no,(5) very high
10/6/2018,Returning,Tennessee,Product 5,399,7,2793,on-time,yes,(2) low
10/6/2018,Organic,Georgia,Product 3,299,7,2093,delayed,no,(3) ok
10/6/2018,Ad,Alabama,Product 5,399,1,399,on-time,yes,(2) low
10/6/2018,Organic,North Carolina,Product 1,499,5,2495,delayed,yes,(3) ok
10/6/2018,Returning,North Carolina,Product 1,499,10,4990,delayed,no,(4) high
10/7/2018,Returning,Florida,Product 1,499,9,4491,delayed,no,(3) ok
10/7/2018,Organic,Georgia,Product 2,199,1,199,delayed,no,(1) very low
10/7/2018,Returning,South Carolina,Product 4,99,8,792,on-time,no,(4) high
10/7/2018,Ad,Mississippi,Product 4,99,6,594,delayed,no,(3) ok
10/7/2018,Returning,North Carolina,Product 2,199,3,597,on-time,no,(3) ok
10/7/2018,Ad,Georgia,Product 1,499,5,2495,on-time,no,(3) ok
10/7/2018,Organic,South Carolina,Product 2,199,8,1592,on-time,no,(2) low
10/8/2018,Organic,South Carolina,Product 3,299,4,1196,on-time,no,(3) ok
10/8/2018,Returning,Alabama,Product 3,299,8,2392,delayed,no,(3) ok
10/8/2018,Returning,Tennessee,Product 2,199,10,1990,on-time,no,(1) very low
10/8/2018,Returning,North Carolina,Product 2,199,3,597,on-time,no,(2) low
10/9/2018,Organic,Georgia,Product 4,99,4,396,delayed,no,(2) low
10/9/2018,Returning,Georgia,Product 2,199,3,597,delayed,yes,(4) high
10/9/2018,Returning,Florida,Product 5,399,6,2394,delayed,no,(2) low
10/9/2018,Organic,North Carolina,Product 3,299,2,598,delayed,no,(2) low
10/10/2018,Returning,South Carolina,Product 2,199,3,597,on-time,no,(2) low
10/10/2018,Returning,Georgia,Product 5,399,6,2394,on-time,no,(2) low
10/10/2018,Organic,Georgia,Product 4,99,2,198,on-time,no,(3) ok
10/11/2018,Organic,South Carolina,Product 5,399,5,1995,delayed,no,(4) high
10/11/2018,Ad,Georgia,Product 2,199,3,597,on-time,no,(2) low
10/11/2018,Returning,South Carolina,Product 2,199,8,1592,on-time,no,(3) ok
10/11/2018,Returning,Florida,Product 1,499,7,3493,delayed,no,(1) very low
10/11/2018,Ad,Mississippi,Product 4,99,10,990,on-time,no,(3) ok
10/11/2018,Ad,Georgia,Product 5,399,1,399,delayed,no,(2) low
10/11/2018,Organic,Alabama,Product 3,299,7,2093,on-time,no,(4) high
10/11/2018,Ad,Georgia,Product 1,499,10,4990,on-time,no,(4) high
10/11/2018,Organic,Mississippi,Product 5,399,7,2793,on-time,no,(3) ok
10/12/2018,Ad,Mississippi,Product 5,399,6,2394,on-time,no,(2) low
10/12/2018,Returning,Mississippi,Product 4,99,1,99,on-time,no,(5) very high
10/12/2018,Returning,Tennessee,Product 3,299,1,299,on-time,no,(4) high
10/12/2018,Ad,Mississippi,Product 3,299,4,1196,on-time,no,(3) ok
10/13/2018,Returning,Tennessee,Product 3,299,8,2392,on-time,no,(2) low
10/13/2018,Organic,North Carolina,Product 4,99,1,99,on-time,no,(2) low
10/13/2018,Ad,Mississippi,Product 3,299,7,2093,on-time,no,(5) very high
10/13/2018,Returning,Alabama,Product 3,299,1,299,delayed,no,(1) very low
10/14/2018,Ad,Alabama,Product 3,299,6,1794,delayed,no,(4) high
10/15/2018,Organic,Florida,Product 4,99,5,495,on-time,no,(2) low
10/15/2018,Organic,South Carolina,Product 5,399,9,3591,on-time,no,(3) ok
10/15/2018,Organic,Georgia,Product 1,499,7,3493,on-time,no,(3) ok
10/15/2018,Organic,Tennessee,Product 1,499,9,4491,on-time,no,(3) ok
10/15/2018,Ad,Georgia,Product 4,99,3,297,on-time,no,(2) low
10/15/2018,Ad,Georgia,Product 1,499,5,2495,delayed,yes,(3) ok
10/15/2018,Organic,North Carolina,Product 5,399,1,399,on-time,no,(1) very low
10/15/2018,Organic,Georgia,Product 3,299,5,1495,on-time,no,(1) very low
10/15/2018,Returning,Mississippi,Product 4,99,3,297,on-time,no,(4) high
10/16/2018,Returning,North Carolina,Product 5,399,4,1596,on-time,yes,(2) low
10/17/2018,Organic,Georgia,Product 3,299,2,598,on-time,no,(3) ok
10/17/2018,Organic,Florida,Product 3,299,5,1495,on-time,no,(3) ok
10/17/2018,Organic,Tennessee,Product 4,99,4,396,on-time,no,(3) ok
10/17/2018,Organic,North Carolina,Product 2,199,5,995,delayed,no,(3) ok
10/17/2018,Organic,Mississippi,Product 3,299,8,2392,on-time,no,(3) ok
10/17/2018,Returning,Alabama,Product 1,499,6,2994,on-time,no,(3) ok
10/17/2018,Ad,Florida,Product 4,99,5,495,delayed,no,(4) high
10/17/2018,Organic,Tennessee,Product 2,199,9,1791,on-time,no,(3) ok
10/17/2018,Organic,Alabama,Product 1,499,10,4990,delayed,no,(4) high
10/17/2018,Ad,Florida,Product 3,299,8,2392,delayed,no,(3) ok
10/17/2018,Organic,Georgia,Product 5,399,7,2793,delayed,no,(1) very low
10/17/2018,Returning,North Carolina,Product 2,199,2,398,on-time,no,(4) high
10/17/2018,Organic,Alabama,Product 2,199,5,995,on-time,no,(3) ok
10/17/2018,Ad,Alabama,Product 4,99,1,99,on-time,no,(5) very high
10/17/2018,Returning,Georgia,Product 1,499,6,2994,on-time,no,(4) high
10/17/2018,Returning,Alabama,Product 5,399,6,2394,on-time,no,(3) ok
10/17/2018,Organic,Florida,Product 2,199,4,796,on-time,no,(2) low
10/17/2018,Returning,Mississippi,Product 3,299,2,598,on-time,no,(3) ok
10/17/2018,Organic,Georgia,Product 4,99,4,396,on-time,no,(3) ok
10/17/2018,Organic,Tennessee,Product 2,199,8,1592,on-time,no,(3) ok
10/17/2018,Organic,Tennessee,Product 5,399,5,1995,on-time,no,(4) high
10/17/2018,Organic,Alabama,Product 1,499,2,998,on-time,no,(2) low
10/17/2018,Returning,North Carolina,Product 2,199,8,1592,on-time,no,(3) ok
10/17/2018,Ad,Alabama,Product 3,299,7,2093,on-time,yes,(2) low
10/17/2018,Returning,Georgia,Product 1,499,7,3493,delayed,no,(5) very high
10/17/2018,Ad,Tennessee,Product 4,99,9,891,on-time,no,(4) high
10/17/2018,Ad,South Carolina,Product 2,199,8,1592,on-time,no,(2) low
10/17/2018,Organic,Georgia,Product 4,99,4,396,on-time,no,(2) low
10/18/2018,Organic,North Carolina,Product 1,499,9,4491,on-time,no,(3) ok
10/18/2018,Organic,Florida,Product 1,499,2,998,on-time,no,(4) high
10/18/2018,Ad,South Carolina,Product 2,199,3,597,delayed,yes,(3) ok
10/18/2018,Ad,North Carolina,Product 4,99,6,594,delayed,no,(2) low
10/19/2018,Ad,Florida,Product 5,399,1,399,on-time,no,(2) low
10/19/2018,Organic,Alabama,Product 3,299,1,299,on-time,no,(3) ok
10/19/2018,Ad,North Carolina,Product 4,99,1,99,delayed,no,(3) ok
10/20/2018,Organic,North Carolina,Product 3,299,4,1196,on-time,no,(5) very high
10/20/2018,Ad,Florida,Product 3,299,2,598,delayed,no,(2) low
10/21/2018,Ad,South Carolina,Product 4,99,4,396,on-time,no,(4) high
10/21/2018,Ad,North Carolina,Product 3,299,3,897,on-time,yes,(4) high
10/21/2018,Returning,Georgia,Product 2,199,5,995,delayed,no,(3) ok
10/21/2018,Returning,Mississippi,Product 5,399,9,3591,on-time,no,(4) high
10/21/2018,Returning,South Carolina,Product 5,399,1,399,on-time,no,(3) ok
10/22/2018,Ad,North Carolina,Product 3,299,7,2093,on-time,no,(4) high
10/22/2018,Organic,South Carolina,Product 2,199,9,1791,on-time,no,(4) high
10/22/2018,Organic,Tennessee,Product 1,499,4,1996,on-time,no,(2) low
10/23/2018,Returning,Alabama,Product 1,499,10,4990,on-time,no,(3) ok
10/24/2018,Returning,Florida,Product 1,499,1,499,on-time,no,(5) very high
10/24/2018,Ad,Florida,Product 1,499,6,2994,on-time,no,(4) high
10/24/2018,Ad,Georgia,Product 2,199,4,796,delayed,no,(1) very low
10/24/2018,Organic,Georgia,Product 3,299,1,299,delayed,no,(3) ok
10/24/2018,Ad,Florida,Product 5,399,6,2394,on-time,no,(4) high
10/25/2018,Returning,North Carolina,Product 5,399,4,1596,on-time,no,(3) ok
10/25/2018,Ad,Tennessee,Product 3,299,8,2392,on-time,no,(4) high
10/25/2018,Returning,Tennessee,Product 4,99,3,297,on-time,no,(3) ok
10/25/2018,Ad,Alabama,Product 2,199,1,199,delayed,no,(5) very high
10/25/2018,Ad,South Carolina,Product 5,399,1,399,delayed,no,(4) high
10/25/2018,Organic,South Carolina,Product 3,299,7,2093,on-time,no,(1) very low
10/25/2018,Returning,North Carolina,Product 1,499,4,1996,on-time,no,(5) very high
10/25/2018,Organic,Mississippi,Product 1,499,3,1497,on-time,no,(3) ok
10/25/2018,Organic,Florida,Product 1,499,9,4491,delayed,no,(3) ok
10/25/2018,Organic,Mississippi,Product 3,299,8,2392,on-time,no,(1) very low
10/25/2018,Ad,South Carolina,Product 4,99,5,495,delayed,no,(3) ok
10/26/2018,Ad,Florida,Product 2,199,3,597,on-time,no,(3) ok
10/26/2018,Ad,South Carolina,Product 2,199,4,796,on-time,no,(2) low
10/26/2018,Returning,Florida,Product 3,299,1,299,delayed,no,(3) ok
10/26/2018,Returning,Florida,Product 2,199,3,597,delayed,no,(4) high
10/27/2018,Ad,South Carolina,Product 2,199,9,1791,on-time,no,(3) ok
10/27/2018,Ad,Alabama,Product 4,99,7,693,on-time,no,(1) very low
10/27/2018,Ad,South Carolina,Product 4,99,5,495,on-time,no,(3) ok
10/27/2018,Ad,South Carolina,Product 1,499,8,3992,on-time,no,(5) very high
10/27/2018,Ad,Georgia,Product 4,99,1,99,on-time,no,(1) very low
10/27/2018,Returning,South Carolina,Product 1,499,7,3493,on-time,no,(4) high
10/27/2018,Organic,South Carolina,Product 5,399,9,3591,delayed,no,(5) very high
10/27/2018,Organic,Georgia,Product 2,199,9,1791,delayed,no,(3) ok
10/27/2018,Ad,Florida,Product 4,99,7,693,delayed,no,(4) high
10/27/2018,Returning,Tennessee,Product 1,499,2,998,on-time,no,(3) ok
10/28/2018,Returning,North Carolina,Product 2,199,2,398,on-time,no,(1) very low
10/28/2018,Organic,Tennessee,Product 3,299,5,1495,on-time,no,(3) ok
10/28/2018,Ad,Mississippi,Product 2,199,7,1393,on-time,no,(3) ok
10/28/2018,Organic,North Carolina,Product 1,499,1,499,on-time,no,(2) low
10/28/2018,Returning,Tennessee,Product 4,99,4,396,on-time,no,(3) ok
10/29/2018,Returning,Georgia,Product 1,499,5,2495,on-time,no,(3) ok
10/30/2018,Returning,Tennessee,Product 3,299,9,2691,delayed,no,(4) high
10/31/2018,Returning,Florida,Product 3,299,5,1495,on-time,no,(1) very low
10/31/2018,Ad,Tennessee,Product 2,199,2,398,on-time,no,(3) ok
10/31/2018,Returning,Alabama,Product 1,499,9,4491,on-time,no,(3) ok
10/31/2018,Returning,Florida,Product 3,299,3,897,on-time,no,(5) very high
10/31/2018,Organic,South Carolina,Product 1,499,1,499,on-time,no,(3) ok
11/1/2018,Organic,Mississippi,Product 1,499,7,3493,on-time,no,(3) ok
11/1/2018,Organic,Mississippi,Product 2,199,5,995,on-time,no,(5) very high
11/1/2018,Ad,Alabama,Product 2,199,8,1592,on-time,no,(3) ok
11/1/2018,Ad,Alabama,Product 2,199,8,1592,on-time,no,(5) very high
11/1/2018,Ad,Florida,Product 2,199,7,1393,on-time,yes,(2) low
11/1/2018,Returning,South Carolina,Product 5,399,2,798,delayed,no,(2) low
11/1/2018,Ad,Tennessee,Product 4,99,3,297,delayed,no,(4) high
11/1/2018,Returning,Mississippi,Product 4,99,7,693,delayed,no,(1) very low
11/1/2018,Returning,Florida,Product 4,99,1,99,on-time,no,(5) very high
11/1/2018,Organic,Georgia,Product 5,399,9,3591,delayed,no,(4) high
11/2/2018,Organic,South Carolina,Product 1,499,7,3493,on-time,no,(3) ok
11/3/2018,Organic,Georgia,Product 3,299,6,1794,delayed,no,(2) low
11/3/2018,Ad,Florida,Product 2,199,9,1791,delayed,no,(2) low
11/3/2018,Ad,Florida,Product 3,299,6,1794,on-time,no,(1) very low
11/3/2018,Organic,Alabama,Product 1,499,9,4491,delayed,no,(4) high
11/3/2018,Returning,Georgia,Product 5,399,3,1197,on-time,no,(4) high
11/4/2018,Returning,Georgia,Product 2,199,9,1791,on-time,no,(3) ok
11/4/2018,Returning,Tennessee,Product 2,199,2,398,delayed,no,(3) ok
11/4/2018,Ad,South Carolina,Product 1,499,7,3493,on-time,no,(3) ok
11/5/2018,Returning,Tennessee,Product 4,99,9,891,delayed,no,(3) ok
11/6/2018,Organic,Georgia,Product 4,99,1,99,on-time,no,(3) ok
11/6/2018,Returning,Florida,Product 4,99,5,495,on-time,no,(5) very high
11/6/2018,Returning,North Carolina,Product 5,399,2,798,on-time,yes,(4) high
11/7/2018,Organic,Mississippi,Product 5,399,2,798,on-time,no,(3) ok
11/7/2018,Ad,South Carolina,Product 2,199,4,796,delayed,no,(2) low
11/7/2018,Ad,Florida,Product 4,99,5,495,delayed,no,(3) ok
11/7/2018,Returning,Tennessee,Product 3,299,2,598,on-time,no,(2) low
11/7/2018,Organic,Florida,Product 5,399,1,399,on-time,no,(3) ok
11/7/2018,Organic,Tennessee,Product 3,299,6,1794,delayed,no,(3) ok
11/7/2018,Organic,Alabama,Product 2,199,10,1990,on-time,no,(3) ok
11/7/2018,Returning,Tennessee,Product 1,499,6,2994,on-time,no,(3) ok
11/7/2018,Returning,Florida,Product 2,199,5,995,on-time,no,(5) very high
11/7/2018,Organic,Alabama,Product 2,199,7,1393,on-time,no,(3) ok
11/8/2018,Organic,North Carolina,Product 2,199,10,1990,delayed,no,(4) high
11/9/2018,Returning,Mississippi,Product 5,399,4,1596,on-time,no,(3) ok
11/9/2018,Returning,Florida,Product 2,199,3,597,on-time,no,(2) low
11/9/2018,Ad,South Carolina,Product 2,199,6,1194,on-time,no,(4) high
11/10/2018,Ad,Tennessee,Product 1,499,4,1996,on-time,yes,(4) high
11/10/2018,Organic,Mississippi,Product 3,299,4,1196,on-time,no,(3) ok
11/10/2018,Ad,North Carolina,Product 5,399,5,1995,on-time,no,(4) high
11/10/2018,Ad,Alabama,Product 5,399,1,399,delayed,yes,(5) very high
11/10/2018,Organic,South Carolina,Product 3,299,1,299,on-time,no,(3) ok
11/10/2018,Ad,South Carolina,Product 1,499,5,2495,on-time,no,(3) ok
11/10/2018,Returning,Florida,Product 2,199,10,1990,delayed,no,(2) low
11/10/2018,Organic,North Carolina,Product 1,499,3,1497,on-time,no,(3) ok
11/10/2018,Ad,Georgia,Product 3,299,10,2990,on-time,no,(2) low
11/11/2018,Ad,Alabama,Product 5,399,7,2793,delayed,no,(5) very high
11/11/2018,Organic,North Carolina,Product 2,199,5,995,delayed,no,(4) high
11/12/2018,Ad,Alabama,Product 5,399,10,3990,on-time,no,(3) ok
11/12/2018,Returning,Florida,Product 2,199,10,1990,on-time,no,(3) ok
11/12/2018,Returning,Florida,Product 4,99,8,792,on-time,no,(3) ok
11/12/2018,Returning,North Carolina,Product 1,499,2,998,on-time,no,(2) low
11/12/2018,Organic,Georgia,Product 2,199,10,1990,on-time,no,(2) low
11/13/2018,Ad,Florida,Product 5,399,10,3990,delayed,no,(3) ok
11/13/2018,Returning,North Carolina,Product 4,99,8,792,delayed,no,(2) low
11/13/2018,Organic,South Carolina,Product 4,99,8,792,delayed,no,(4) high
11/13/2018,Organic,Alabama,Product 3,299,4,1196,on-time,no,(3) ok
11/13/2018,Ad,Georgia,Product 1,499,9,4491,on-time,yes,(3) ok
11/13/2018,Ad,Florida,Product 4,99,5,495,on-time,no,(1) very low
11/13/2018,Ad,North Carolina,Product 5,399,2,798,on-time,no,(1) very low
11/13/2018,Returning,Alabama,Product 1,499,10,4990,on-time,no,(3) ok
11/14/2018,Ad,North Carolina,Product 2,199,6,1194,on-time,yes,(3) ok
11/14/2018,Ad,Tennessee,Product 1,499,10,4990,delayed,no,(2) low
11/14/2018,Returning,Alabama,Product 1,499,4,1996,on-time,no,(3) ok
11/14/2018,Ad,North Carolina,Product 3,299,7,2093,on-time,no,(3) ok
11/14/2018,Organic,Alabama,Product 1,499,1,499,delayed,no,(4) high
11/14/2018,Returning,Georgia,Product 4,99,10,990,delayed,no,(3) ok
11/14/2018,Ad,North Carolina,Product 1,499,4,1996,on-time,no,(3) ok
11/15/2018,Ad,Tennessee,Product 4,99,5,495,delayed,no,(4) high
11/15/2018,Ad,Alabama,Product 1,499,2,998,delayed,no,(2) low
11/16/2018,Ad,Tennessee,Product 3,299,4,1196,delayed,no,(4) high
11/17/2018,Organic,Alabama,Product 1,499,9,4491,on-time,yes,(3) ok
11/17/2018,Organic,South Carolina,Product 4,99,2,198,on-time,no,(3) ok
11/17/2018,Organic,Florida,Product 4,99,8,792,on-time,yes,(3) ok
11/17/2018,Ad,North Carolina,Product 3,299,3,897,delayed,no,(5) very high
11/17/2018,Returning,South Carolina,Product 5,399,8,3192,on-time,no,(2) low
11/17/2018,Organic,South Carolina,Product 3,299,7,2093,on-time,no,(1) very low
11/17/2018,Organic,Alabama,Product 3,299,9,2691,delayed,no,(1) very low
11/18/2018,Ad,Alabama,Product 5,399,5,1995,on-time,no,(3) ok
11/18/2018,Ad,North Carolina,Product 4,99,2,198,delayed,no,(4) high
11/19/2018,Returning,Georgia,Product 1,499,10,4990,on-time,no,(2) low
11/19/2018,Returning,Tennessee,Product 1,499,3,1497,on-time,no,(3) ok
11/20/2018,Organic,Mississippi,Product 4,99,9,891,delayed,no,(4) high
11/21/2018,Organic,Tennessee,Product 3,299,9,2691,delayed,no,(4) high
11/21/2018,Returning,Georgia,Product 3,299,10,2990,delayed,no,(3) ok
11/21/2018,Ad,South Carolina,Product 4,99,10,990,delayed,no,(5) very high
11/21/2018,Ad,North Carolina,Product 5,399,4,1596,delayed,no,(2) low
11/21/2018,Ad,Tennessee,Product 1,499,8,3992,on-time,no,(5) very high
11/21/2018,Ad,Tennessee,Product 4,99,5,495,delayed,no,(5) very high
11/21/2018,Ad,Georgia,Product 2,199,9,1791,delayed,no,(2) low
11/22/2018,Organic,Georgia,Product 3,299,9,2691,delayed,no,(2) low
11/22/2018,Returning,Mississippi,Product 5,399,9,3591,on-time,yes,(3) ok
11/22/2018,Returning,South Carolina,Product 1,499,4,1996,on-time,no,(3) ok
11/23/2018,Returning,Mississippi,Product 1,499,8,3992,delayed,no,(3) ok
11/23/2018,Returning,Florida,Product 2,199,3,597,on-time,no,(3) ok
11/23/2018,Returning,Tennessee,Product 5,399,9,3591,delayed,no,(4) high
11/24/2018,Returning,Alabama,Product 2,199,8,1592,on-time,no,(3) ok
11/24/2018,Organic,Alabama,Product 5,399,7,2793,on-time,no,(3) ok
11/24/2018,Organic,Florida,Product 5,399,5,1995,delayed,no,(3) ok
11/24/2018,Ad,North Carolina,Product 5,399,9,3591,on-time,no,(3) ok
11/24/2018,Returning,South Carolina,Product 3,299,4,1196,delayed,no,(2) low
11/24/2018,Ad,Tennessee,Product 5,399,5,1995,on-time,no,(3) ok
11/24/2018,Ad,Florida,Product 5,399,5,1995,on-time,yes,(3) ok
11/24/2018,Returning,Georgia,Product 5,399,7,2793,on-time,no,(2) low
11/24/2018,Organic,Mississippi,Product 4,99,2,198,delayed,no,(2) low
11/24/2018,Ad,Alabama,Product 5,399,10,3990,delayed,no,(2) low
11/24/2018,Organic,Tennessee,Product 2,199,2,398,delayed,no,(5) very high
11/24/2018,Returning,South Carolina,Product 2,199,3,597,on-time,no,(5) very high
11/25/2018,Organic,Georgia,Product 1,499,1,499,delayed,no,(1) very low
11/25/2018,Returning,North Carolina,Product 1,499,3,1497,delayed,no,(5) very high
11/25/2018,Organic,Georgia,Product 2,199,3,597,on-time,no,(3) ok
11/25/2018,Organic,Alabama,Product 4,99,5,495,on-time,no,(3) ok
11/25/2018,Organic,South Carolina,Product 2,199,1,199,delayed,no,(2) low
11/25/2018,Organic,Alabama,Product 4,99,2,198,on-time,no,(2) low
11/25/2018,Organic,South Carolina,Product 1,499,10,4990,on-time,no,(3) ok
11/25/2018,Ad,Mississippi,Product 3,299,2,598,on-time,no,(3) ok
11/25/2018,Organic,South Carolina,Product 5,399,9,3591,on-time,no,(5) very high
11/25/2018,Returning,South Carolina,Product 2,199,6,1194,on-time,no,(2) low
11/25/2018,Returning,Tennessee,Product 2,199,9,1791,on-time,no,(3) ok
11/25/2018,Returning,Mississippi,Product 3,299,4,1196,delayed,no,(1) very low
11/25/2018,Ad,Tennessee,Product 3,299,5,1495,on-time,no,(5) very high
11/25/2018,Returning,Tennessee,Product 3,299,3,897,on-time,yes,(4) high
11/25/2018,Organic,North Carolina,Product 2,199,2,398,on-time,no,(5) very high
11/25/2018,Returning,South Carolina,Product 5,399,10,3990,delayed,yes,(4) high
11/25/2018,Ad,Tennessee,Product 2,199,9,1791,delayed,no,(3) ok
11/25/2018,Ad,South Carolina,Product 4,99,5,495,delayed,no,(3) ok
11/25/2018,Returning,Alabama,Product 5,399,6,2394,delayed,no,(2) low
11/25/2018,Organic,Alabama,Product 3,299,9,2691,on-time,no,(2) low
11/25/2018,Returning,Tennessee,Product 2,199,8,1592,delayed,no,(3) ok
11/26/2018,Returning,Tennessee,Product 2,199,8,1592,delayed,no,(2) low
11/26/2018,Ad,Tennessee,Product 2,199,1,199,on-time,yes,(5) very high
11/27/2018,Ad,Georgia,Product 2,199,9,1791,on-time,yes,(3) ok
11/27/2018,Organic,Alabama,Product 3,299,4,1196,on-time,no,(5) very high
11/27/2018,Returning,Georgia,Product 3,299,3,897,delayed,no,(5) very high
11/27/2018,Organic,Alabama,Product 3,299,6,1794,on-time,no,(3) ok
11/28/2018,Organic,Alabama,Product 4,99,1,99,on-time,no,(3) ok
11/28/2018,Organic,Alabama,Product 1,499,3,1497,on-time,yes,(3) ok
11/28/2018,Returning,Florida,Product 5,399,8,3192,delayed,no,(5) very high
11/28/2018,Returning,Georgia,Product 3,299,10,2990,delayed,no,(2) low
11/28/2018,Ad,Florida,Product 3,299,2,598,on-time,no,(4) high
11/28/2018,Returning,Georgia,Product 5,399,6,2394,delayed,no,(3) ok
11/28/2018,Ad,North Carolina,Product 4,99,2,198,on-time,no,(4) high
11/28/2018,Ad,North Carolina,Product 1,499,2,998,on-time,no,(4) high
11/28/2018,Organic,Georgia,Product 4,99,2,198,on-time,no,(3) ok
11/29/2018,Returning,North Carolina,Product 1,499,1,499,on-time,no,(3) ok
11/29/2018,Returning,Alabama,Product 1,499,5,2495,on-time,no,(4) high
11/29/2018,Returning,South Carolina,Product 4,99,1,99,on-time,no,(4) high
11/30/2018,Organic,Georgia,Product 3,299,10,2990,delayed,no,(5) very high
11/30/2018,Organic,Mississippi,Product 3,299,8,2392,on-time,no,(5) very high
12/1/2018,Organic,Alabama,Product 5,399,6,2394,on-time,no,(3) ok
12/1/2018,Returning,Alabama,Product 2,199,6,1194,on-time,no,(2) low
12/1/2018,Ad,Georgia,Product 4,99,6,594,on-time,no,(1) very low
12/1/2018,Organic,Tennessee,Product 3,299,6,1794,on-time,no,(3) ok
12/1/2018,Ad,Florida,Product 2,199,3,597,on-time,no,(3) ok
12/1/2018,Returning,Florida,Product 3,299,6,1794,delayed,no,(1) very low
12/1/2018,Returning,Tennessee,Product 3,299,7,2093,delayed,no,(5) very high
12/1/2018,Organic,South Carolina,Product 5,399,3,1197,on-time,no,(3) ok
12/1/2018,Ad,Tennessee,Product 2,199,6,1194,on-time,no,(2) low
12/2/2018,Ad,South Carolina,Product 5,399,10,3990,on-time,no,(3) ok
12/2/2018,Ad,Alabama,Product 5,399,4,1596,delayed,no,(3) ok
12/2/2018,Organic,Mississippi,Product 4,99,9,891,on-time,yes,(1) very low
12/2/2018,Organic,Alabama,Product 4,99,4,396,on-time,no,(4) high
12/2/2018,Ad,Tennessee,Product 2,199,7,1393,on-time,yes,(4) high
12/2/2018,Returning,North Carolina,Product 4,99,5,495,on-time,no,(3) ok
12/2/2018,Organic,Florida,Product 5,399,3,1197,on-time,no,(2) low
12/2/2018,Ad,Georgia,Product 5,399,6,2394,delayed,no,(2) low
12/2/2018,Returning,North Carolina,Product 3,299,7,2093,on-time,yes,(5) very high
12/2/2018,Ad,South Carolina,Product 2,199,9,1791,on-time,no,(2) low
12/2/2018,Ad,Mississippi,Product 4,99,4,396,on-time,no,(1) very low
12/3/2018,Ad,South Carolina,Product 4,99,10,990,on-time,no,(3) ok
12/3/2018,Returning,Mississippi,Product 5,399,9,3591,delayed,no,(1) very low
12/4/2018,Returning,Alabama,Product 3,299,6,1794,on-time,no,(3) ok
12/4/2018,Organic,Georgia,Product 1,499,1,499,on-time,no,(2) low
12/4/2018,Ad,Georgia,Product 1,499,7,3493,delayed,no,(3) ok
12/5/2018,Returning,Florida,Product 2,199,1,199,on-time,no,(4) high
12/5/2018,Organic,Florida,Product 3,299,4,1196,on-time,no,(1) very low
12/6/2018,Organic,Florida,Product 1,499,2,998,on-time,yes,(2) low
12/6/2018,Ad,Mississippi,Product 2,199,4,796,on-time,no,(3) ok
12/6/2018,Organic,South Carolina,Product 4,99,2,198,delayed,no,(3) ok
12/6/2018,Organic,South Carolina,Product 2,199,3,597,delayed,no,(3) ok
12/7/2018,Organic,Alabama,Product 4,99,8,792,on-time,no,(3) ok
12/7/2018,Returning,South Carolina,Product 2,199,2,398,on-time,no,(4) high
12/7/2018,Returning,South Carolina,Product 2,199,2,398,on-time,no,(3) ok
12/7/2018,Ad,North Carolina,Product 4,99,2,198,delayed,no,(5) very high
12/7/2018,Ad,Florida,Product 5,399,7,2793,delayed,no,(3) ok
12/7/2018,Organic,Mississippi,Product 5,399,8,3192,on-time,no,(1) very low
12/7/2018,Ad,North Carolina,Product 1,499,9,4491,on-time,no,(3) ok
12/8/2018,Returning,Tennessee,Product 5,399,9,3591,on-time,no,(2) low
12/8/2018,Ad,Florida,Product 4,99,8,792,on-time,yes,(3) ok
12/8/2018,Returning,Mississippi,Product 3,299,3,897,on-time,no,(4) high
12/8/2018,Organic,Florida,Product 1,499,4,1996,delayed,no,(5) very high
12/8/2018,Organic,Mississippi,Product 1,499,4,1996,delayed,yes,(3) ok
12/8/2018,Ad,North Carolina,Product 2,199,10,1990,on-time,no,(1) very low
12/9/2018,Organic,Florida,Product 5,399,6,2394,delayed,no,(3) ok
12/10/2018,Organic,Florida,Product 2,199,4,796,delayed,no,(2) low
12/10/2018,Organic,North Carolina,Product 5,399,6,2394,on-time,no,(3) ok
12/10/2018,Returning,Tennessee,Product 4,99,3,297,delayed,no,(4) high
12/10/2018,Organic,Tennessee,Product 1,499,4,1996,on-time,no,(3) ok
12/11/2018,Returning,Florida,Product 5,399,9,3591,delayed,no,(4) high
12/12/2018,Returning,South Carolina,Product 4,99,3,297,on-time,no,(3) ok
12/12/2018,Returning,South Carolina,Product 4,99,5,495,delayed,no,(2) low
12/13/2018,Ad,North Carolina,Product 2,199,8,1592,delayed,no,(1) very low
12/14/2018,Returning,South Carolina,Product 4,99,8,792,delayed,no,(2) low
12/14/2018,Returning,Florida,Product 3,299,6,1794,on-time,no,(1) very low
12/14/2018,Ad,North Carolina,Product 4,99,5,495,on-time,yes,(3) ok
12/14/2018,Returning,South Carolina,Product 2,199,6,1194,on-time,no,(2) low
12/14/2018,Ad,South Carolina,Product 4,99,9,891,on-time,no,(5) very high
12/15/2018,Ad,South Carolina,Product 1,499,2,998,on-time,no,(3) ok
12/15/2018,Ad,South Carolina,Product 3,299,3,897,delayed,no,(3) ok
12/15/2018,Ad,Florida,Product 3,299,8,2392,on-time,no,(5) very high
12/15/2018,Organic,North Carolina,Product 1,499,3,1497,delayed,yes,(3) ok
12/15/2018,Organic,Alabama,Product 5,399,2,798,on-time,no,(4) high
12/15/2018,Ad,North Carolina,Product 1,499,8,3992,delayed,no,(3) ok
12/16/2018,Ad,South Carolina,Product 3,299,3,897,on-time,no,(4) high
12/16/2018,Organic,Florida,Product 5,399,8,3192,delayed,no,(1) very low
12/16/2018,Ad,Georgia,Product 3,299,3,897,on-time,no,(4) high
12/16/2018,Ad,Georgia,Product 3,299,8,2392,on-time,no,(3) ok
12/16/2018,Organic,Florida,Product 3,299,9,2691,on-time,no,(3) ok
12/16/2018,Returning,Alabama,Product 1,499,3,1497,delayed,no,(3) ok
12/16/2018,Organic,North Carolina,Product 2,199,6,1194,on-time,no,(2) low
12/16/2018,Organic,Mississippi,Product 5,399,3,1197,on-time,no,(4) high
12/17/2018,Organic,Georgia,Product 4,99,5,495,delayed,no,(3) ok
12/17/2018,Organic,South Carolina,Product 4,99,8,792,on-time,no,(5) very high
12/17/2018,Organic,Florida,Product 1,499,9,4491,on-time,no,(3) ok
12/17/2018,Ad,North Carolina,Product 2,199,1,199,delayed,yes,(3) ok
12/17/2018,Organic,North Carolina,Product 5,399,2,798,delayed,no,(4) high
12/17/2018,Returning,Alabama,Product 5,399,10,3990,on-time,no,(1) very low
12/17/2018,Returning,Florida,Product 5,399,1,399,on-time,no,(2) low
12/18/2018,Organic,Florida,Product 4,99,3,297,on-time,yes,(5) very high
12/18/2018,Returning,Alabama,Product 2,199,7,1393,on-time,no,(3) ok
12/18/2018,Returning,North Carolina,Product 3,299,10,2990,delayed,no,(2) low
12/18/2018,Ad,Alabama,Product 1,499,2,998,delayed,no,(4) high
12/18/2018,Returning,Georgia,Product 1,499,6,2994,delayed,no,(3) ok
12/18/2018,Ad,Georgia,Product 4,99,1,99,on-time,no,(3) ok
12/18/2018,Ad,Alabama,Product 4,99,7,693,on-time,no,(5) very high
12/18/2018,Returning,South Carolina,Product 2,199,10,1990,on-time,no,(3) ok
12/18/2018,Organic,Tennessee,Product 3,299,10,2990,on-time,no,(2) low
12/19/2018,Ad,Georgia,Product 3,299,1,299,delayed,no,(3) ok
12/19/2018,Organic,Florida,Product 3,299,8,2392,delayed,no,(3) ok
12/19/2018,Organic,South Carolina,Product 4,99,5,495,on-time,no,(2) low
12/19/2018,Organic,Florida,Product 1,499,4,1996,on-time,yes,(1) very low
12/20/2018,Ad,Tennessee,Product 2,199,7,1393,delayed,no,(3) ok
12/20/2018,Returning,Mississippi,Product 4,99,5,495,on-time,no,(5) very high
12/20/2018,Ad,South Carolina,Product 2,199,5,995,on-time,no,(1) very low
12/20/2018,Returning,Alabama,Product 4,99,8,792,on-time,no,(3) ok
12/20/2018,Ad,Tennessee,Product 3,299,9,2691,delayed,no,(5) very high
12/20/2018,Ad,North Carolina,Product 4,99,5,495,on-time,no,(2) low
12/20/2018,Returning,Mississippi,Product 1,499,10,4990,on-time,no,(3) ok
12/20/2018,Ad,North Carolina,Product 3,299,9,2691,on-time,no,(3) ok
12/21/2018,Ad,Florida,Product 5,399,4,1596,on-time,no,(5) very high
12/22/2018,Ad,Florida,Product 2,199,7,1393,on-time,no,(4) high
12/22/2018,Returning,Mississippi,Product 2,199,8,1592,on-time,no,(2) low
12/22/2018,Returning,Mississippi,Product 3,299,8,2392,on-time,yes,(4) high
12/22/2018,Returning,North Carolina,Product 4,99,3,297,delayed,no,(5) very high
12/22/2018,Organic,Alabama,Product 4,99,2,198,delayed,no,(3) ok
12/22/2018,Organic,Mississippi,Product 5,399,10,3990,on-time,no,(3) ok
12/22/2018,Organic,Mississippi,Product 4,99,3,297,delayed,no,(2) low
12/23/2018,Ad,Mississippi,Product 4,99,4,396,on-time,no,(2) low
12/23/2018,Returning,South Carolina,Product 4,99,7,693,on-time,yes,(2) low
12/23/2018,Returning,Alabama,Product 5,399,3,1197,on-time,yes,(1) very low
12/24/2018,Organic,Alabama,Product 1,499,3,1497,on-time,no,(3) ok
12/24/2018,Organic,Tennessee,Product 1,499,6,2994,on-time,no,(3) ok
12/24/2018,Ad,Georgia,Product 3,299,2,598,on-time,no,(5) very high
12/24/2018,Ad,Georgia,Product 1,499,6,2994,on-time,no,(1) very low
12/24/2018,Ad,Alabama,Product 4,99,7,693,on-time,yes,(3) ok
12/24/2018,Returning,South Carolina,Product 1,499,9,4491,delayed,no,(5) very high
12/25/2018,Ad,Tennessee,Product 1,499,6,2994,on-time,no,(5) very high
12/25/2018,Returning,South Carolina,Product 4,99,10,990,on-time,no,(1) very low
12/26/2018,Ad,Georgia,Product 4,99,5,495,on-time,yes,(3) ok
12/26/2018,Organic,Tennessee,Product 2,199,1,199,delayed,no,(2) low
12/26/2018,Ad,Mississippi,Product 3,299,8,2392,delayed,no,(4) high
12/27/2018,Returning,Florida,Product 5,399,3,1197,on-time,yes,(3) ok
12/27/2018,Returning,Mississippi,Product 1,499,6,2994,on-time,no,(1) very low
12/27/2018,Returning,Georgia,Product 1,499,1,499,delayed,no,(3) ok
12/27/2018,Ad,Alabama,Product 4,99,6,594,on-time,no,(4) high
12/27/2018,Organic,Georgia,Product 3,299,4,1196,on-time,no,(2) low
12/27/2018,Ad,Tennessee,Product 4,99,8,792,delayed,no,(3) ok
12/27/2018,Returning,Florida,Product 2,199,10,1990,on-time,no,(5) very high
12/27/2018,Ad,South Carolina,Product 5,399,1,399,delayed,no,(3) ok
12/28/2018,Ad,Mississippi,Product 4,99,2,198,on-time,no,(2) low
12/29/2018,Returning,Florida,Product 5,399,1,399,on-time,no,(3) ok
12/29/2018,Returning,North Carolina,Product 1,499,5,2495,on-time,no,(3) ok
12/29/2018,Organic,Tennessee,Product 5,399,2,798,on-time,no,(3) ok
12/29/2018,Ad,North Carolina,Product 2,199,6,1194,on-time,no,(2) low
12/29/2018,Organic,North Carolina,Product 2,199,3,597,on-time,no,(1) very low
12/29/2018,Ad,Georgia,Product 3,299,5,1495,on-time,no,(3) ok
12/29/2018,Returning,Tennessee,Product 5,399,6,2394,delayed,no,(2) low
12/29/2018,Ad,Alabama,Product 4,99,5,495,on-time,no,(3) ok
12/30/2018,Returning,Florida,Product 2,199,4,796,on-time,no,(3) ok
12/30/2018,Returning,South Carolina,Product 2,199,1,199,on-time,no,(3) ok
12/30/2018,Ad,Tennessee,Product 5,399,4,1596,delayed,no,(4) high
12/30/2018,Returning,Tennessee,Product 3,299,9,2691,on-time,no,(3) ok
12/30/2018,Returning,Georgia,Product 5,399,3,1197,on-time,no,(3) ok
12/30/2018,Ad,Georgia,Product 5,399,10,3990,on-time,no,(3) ok
12/30/2018,Ad,Florida,Product 5,399,4,1596,on-time,no,(2) low
12/30/2018,Ad,Alabama,Product 5,399,6,2394,delayed,no,(2) low
12/30/2018,Returning,Alabama,Product 4,99,9,891,on-time,no,(5) very high
12/30/2018,Organic,South Carolina,Product 1,499,2,998,delayed,no,(2) low
12/30/2018,Ad,Tennessee,Product 5,399,5,1995,on-time,no,(3) ok
12/30/2018,Organic,Alabama,Product 1,499,5,2495,delayed,no,(3) ok
12/30/2018,Returning,Mississippi,Product 2,199,1,199,on-time,no,(4) high
12/30/2018,Returning,Tennessee,Product 1,499,6,2994,on-time,no,(3) ok
12/30/2018,Organic,North Carolina,Product 5,399,7,2793,on-time,no,(3) ok
12/30/2018,Returning,Georgia,Product 1,499,6,2994,on-time,no,(1) very low
12/30/2018,Organic,South Carolina,Product 3,299,7,2093,on-time,no,(3) ok
12/30/2018,Organic,Georgia,Product 4,99,1,99,delayed,no,(5) very high
12/30/2018,Ad,North Carolina,Product 1,499,8,3992,on-time,no,(2) low
12/31/2018,Returning,Tennessee,Product 4,99,8,792,on-time,no,(3) ok
12/31/2018,Organic,North Carolina,Product 1,499,8,3992,on-time,no,(3) ok
12/31/2018,Organic,Mississippi,Product 5,399,6,2394,delayed,no,(4) high
12/31/2018,Organic,Georgia,Product 2,199,8,1592,on-time,no,(3) ok
12/31/2018,Organic,South Carolina,Product 5,399,9,3591,on-time,no,(4) high
12/31/2018,Organic,North Carolina,Product 3,299,2,598,on-time,no,(1) very low
12/31/2018,Organic,Tennessee,Product 1,499,10,4990,delayed,no,(3) ok
1/1/2019,Ad,Tennessee,Product 5,399,6,2394,delayed,no,(4) high
1/1/2019,Ad,Florida,Product 1,499,8,3992,delayed,no,(1) very low
1/1/2019,Organic,Mississippi,Product 3,299,8,2392,on-time,no,(4) high
1/2/2019,Ad,Mississippi,Product 1,499,3,1497,delayed,no,(4) high
1/2/2019,Organic,Mississippi,Product 3,299,10,2990,on-time,no,(3) ok
1/2/2019,Organic,Alabama,Product 1,499,6,2994,on-time,no,(3) ok
1/2/2019,Returning,Georgia,Product 2,199,6,1194,on-time,no,(2) low
1/3/2019,Ad,Mississippi,Product 5,399,2,798,on-time,no,(4) high
1/4/2019,Organic,Georgia,Product 2,199,10,1990,on-time,no,(4) high
1/5/2019,Organic,Georgia,Product 5,399,10,3990,on-time,no,(2) low
1/5/2019,Ad,Mississippi,Product 5,399,3,1197,on-time,no,(3) ok
1/5/2019,Returning,South Carolina,Product 3,299,9,2691,on-time,no,(2) low
1/5/2019,Ad,Florida,Product 3,299,5,1495,on-time,no,(4) high
1/5/2019,Returning,North Carolina,Product 4,99,10,990,on-time,no,(2) low
1/5/2019,Returning,Georgia,Product 1,499,10,4990,on-time,no,(4) high
1/5/2019,Returning,Tennessee,Product 1,499,10,4990,on-time,no,(3) ok
1/5/2019,Organic,Tennessee,Product 5,399,4,1596,delayed,no,(3) ok
1/5/2019,Returning,Georgia,Product 2,199,5,995,delayed,no,(4) high
1/6/2019,Returning,South Carolina,Product 1,499,6,2994,on-time,no,(4) high
1/6/2019,Returning,North Carolina,Product 3,299,6,1794,on-time,no,(5) very high
1/6/2019,Returning,South Carolina,Product 4,99,6,594,on-time,no,(2) low
1/7/2019,Returning,Alabama,Product 5,399,4,1596,delayed,no,(3) ok
1/7/2019,Organic,South Carolina,Product 1,499,9,4491,on-time,no,(3) ok
1/8/2019,Organic,Tennessee,Product 1,499,5,2495,on-time,no,(2) low
1/9/2019,Ad,Alabama,Product 4,99,10,990,on-time,no,(5) very high
1/9/2019,Ad,Florida,Product 3,299,6,1794,on-time,no,(3) ok
1/9/2019,Ad,North Carolina,Product 5,399,9,3591,delayed,no,(1) very low
1/9/2019,Returning,Alabama,Product 3,299,7,2093,on-time,no,(3) ok
1/9/2019,Ad,Alabama,Product 1,499,5,2495,delayed,yes,(4) high
1/9/2019,Organic,North Carolina,Product 1,499,1,499,on-time,no,(3) ok
1/9/2019,Returning,Georgia,Product 3,299,4,1196,on-time,no,(1) very low
1/10/2019,Organic,North Carolina,Product 5,399,1,399,delayed,no,(4) high
1/10/2019,Ad,Tennessee,Product 1,499,10,4990,delayed,no,(3) ok
1/10/2019,Returning,Alabama,Product 4,99,6,594,on-time,yes,(4) high
1/10/2019,Organic,Tennessee,Product 1,499,4,1996,on-time,no,(5) very high
1/10/2019,Ad,Mississippi,Product 3,299,5,1495,on-time,no,(1) very low
1/10/2019,Organic,Mississippi,Product 2,199,5,995,on-time,no,(1) very low
1/11/2019,Returning,Tennessee,Product 3,299,2,598,delayed,no,(1) very low
1/11/2019,Returning,Mississippi,Product 4,99,7,693,on-time,no,(2) low
1/11/2019,Organic,Mississippi,Product 1,499,10,4990,delayed,no,(5) very high
1/11/2019,Organic,Florida,Product 1,499,8,3992,delayed,no,(3) ok
1/11/2019,Returning,Georgia,Product 2,199,7,1393,on-time,no,(4) high
1/11/2019,Ad,Alabama,Product 2,199,4,796,on-time,no,(3) ok
1/11/2019,Ad,Florida,Product 5,399,3,1197,on-time,no,(1) very low
1/11/2019,Organic,Florida,Product 3,299,8,2392,on-time,no,(4) high
1/11/2019,Ad,North Carolina,Product 2,199,10,1990,delayed,yes,(2) low
1/12/2019,Ad,North Carolina,Product 4,99,2,198,on-time,yes,(5) very high
1/12/2019,Returning,Florida,Product 5,399,3,1197,on-time,no,(3) ok
1/12/2019,Ad,Florida,Product 2,199,4,796,delayed,no,(3) ok
1/12/2019,Ad,Alabama,Product 2,199,1,199,on-time,no,(1) very low
1/12/2019,Organic,Alabama,Product 2,199,2,398,on-time,no,(2) low
1/12/2019,Organic,Tennessee,Product 5,399,1,399,delayed,no,(2) low
1/12/2019,Organic,North Carolina,Product 4,99,6,594,delayed,no,(3) ok
1/12/2019,Organic,North Carolina,Product 4,99,8,792,delayed,yes,(3) ok
1/13/2019,Returning,South Carolina,Product 1,499,1,499,on-time,no,(4) high
1/13/2019,Returning,Alabama,Product 2,199,5,995,delayed,no,(2) low
1/13/2019,Returning,Tennessee,Product 4,99,2,198,on-time,no,(1) very low
1/13/2019,Returning,Tennessee,Product 2,199,1,199,on-time,no,(3) ok
1/13/2019,Ad,North Carolina,Product 5,399,9,3591,on-time,no,(5) very high
1/13/2019,Ad,Alabama,Product 5,399,4,1596,on-time,no,(3) ok
1/13/2019,Ad,Georgia,Product 2,199,2,398,on-time,yes,(3) ok
1/14/2019,Organic,South Carolina,Product 1,499,8,3992,on-time,yes,(4) high
1/15/2019,Ad,Florida,Product 5,399,6,2394,on-time,no,(3) ok
1/15/2019,Organic,Florida,Product 4,99,7,693,delayed,no,(4) high
1/16/2019,Ad,Alabama,Product 4,99,5,495,on-time,yes,(3) ok
1/16/2019,Organic,Mississippi,Product 2,199,9,1791,delayed,no,(3) ok
1/17/2019,Ad,Alabama,Product 5,399,9,3591,on-time,no,(3) ok
1/17/2019,Returning,Georgia,Product 5,399,3,1197,delayed,no,(2) low
1/17/2019,Returning,Tennessee,Product 3,299,10,2990,on-time,yes,(2) low
1/17/2019,Returning,Alabama,Product 4,99,3,297,on-time,no,(4) high
1/17/2019,Organic,Georgia,Product 2,199,9,1791,on-time,no,(4) high
1/17/2019,Organic,Georgia,Product 2,199,2,398,on-time,no,(1) very low
1/17/2019,Organic,Mississippi,Product 2,199,5,995,on-time,no,(2) low
1/17/2019,Ad,Tennessee,Product 3,299,8,2392,on-time,no,(2) low
1/17/2019,Ad,Mississippi,Product 5,399,5,1995,delayed,no,(3) ok
1/17/2019,Ad,Georgia,Product 1,499,2,998,on-time,no,(4) high
1/17/2019,Ad,Florida,Product 4,99,10,990,delayed,no,(2) low
1/17/2019,Organic,Alabama,Product 4,99,5,495,on-time,no,(2) low
1/17/2019,Returning,Tennessee,Product 4,99,4,396,on-time,no,(3) ok
1/17/2019,Returning,Mississippi,Product 3,299,2,598,on-time,no,(3) ok
1/17/2019,Returning,Georgia,Product 1,499,4,1996,on-time,yes,(3) ok
1/17/2019,Ad,Mississippi,Product 2,199,1,199,on-time,no,(2) low
1/18/2019,Ad,Florida,Product 5,399,7,2793,on-time,no,(1) very low
1/18/2019,Returning,Tennessee,Product 1,499,2,998,delayed,no,(3) ok
1/19/2019,Ad,Mississippi,Product 1,499,6,2994,on-time,no,(3) ok
1/19/2019,Ad,North Carolina,Product 2,199,6,1194,on-time,no,(3) ok
1/19/2019,Organic,North Carolina,Product 2,199,3,597,on-time,no,(3) ok
1/19/2019,Organic,Florida,Product 2,199,10,1990,on-time,no,(3) ok
1/19/2019,Organic,North Carolina,Product 5,399,5,1995,delayed,no,(3) ok
1/19/2019,Returning,Alabama,Product 5,399,10,3990,on-time,no,(2) low
1/19/2019,Organic,Mississippi,Product 2,199,10,1990,on-time,no,(3) ok
1/19/2019,Ad,Mississippi,Product 5,399,6,2394,delayed,no,(1) very low
1/19/2019,Organic,South Carolina,Product 4,99,10,990,delayed,no,(3) ok
1/19/2019,Ad,Tennessee,Product 5,399,10,3990,delayed,no,(2) low
1/19/2019,Returning,Florida,Product 3,299,8,2392,on-time,no,(2) low
1/19/2019,Organic,Florida,Product 1,499,8,3992,delayed,no,(4) high
1/19/2019,Returning,South Carolina,Product 3,299,10,2990,on-time,no,(4) high
1/19/2019,Returning,Florida,Product 3,299,7,2093,on-time,no,(1) very low
1/19/2019,Ad,North Carolina,Product 1,499,5,2495,on-time,no,(3) ok
1/19/2019,Ad,North Carolina,Product 5,399,6,2394,on-time,no,(3) ok
1/19/2019,Organic,Florida,Product 1,499,4,1996,delayed,no,(3) ok
1/19/2019,Returning,Florida,Product 4,99,9,891,delayed,no,(3) ok
1/20/2019,Ad,Florida,Product 2,199,1,199,on-time,no,(4) high
1/20/2019,Ad,South Carolina,Product 2,199,9,1791,on-time,no,(1) very low
1/20/2019,Returning,North Carolina,Product 4,99,2,198,on-time,no,(3) ok
1/20/2019,Ad,Florida,Product 3,299,5,1495,on-time,no,(3) ok
1/20/2019,Returning,South Carolina,Product 5,399,5,1995,on-time,no,(2) low
1/20/2019,Returning,Alabama,Product 2,199,6,1194,on-time,yes,(3) ok
1/21/2019,Returning,Georgia,Product 2,199,2,398,delayed,no,(1) very low
1/21/2019,Organic,South Carolina,Product 5,399,5,1995,on-time,no,(5) very high
1/21/2019,Organic,Georgia,Product 1,499,6,2994,on-time,no,(3) ok
1/21/2019,Organic,Florida,Product 5,399,6,2394,on-time,no,(3) ok
1/22/2019,Ad,North Carolina,Product 1,499,4,1996,delayed,no,(3) ok
1/22/2019,Returning,Mississippi,Product 5,399,7,2793,on-time,no,(2) low
1/22/2019,Ad,Florida,Product 4,99,3,297,delayed,no,(2) low
1/22/2019,Ad,Georgia,Product 1,499,7,3493,on-time,no,(3) ok
1/23/2019,Organic,Tennessee,Product 4,99,6,594,on-time,no,(3) ok
1/23/2019,Ad,Alabama,Product 4,99,10,990,on-time,no,(4) high
1/23/2019,Organic,Mississippi,Product 1,499,5,2495,on-time,no,(3) ok
1/24/2019,Ad,North Carolina,Product 1,499,10,4990,on-time,no,(2) low
1/24/2019,Organic,South Carolina,Product 4,99,7,693,delayed,no,(4) high
1/24/2019,Ad,Alabama,Product 2,199,4,796,on-time,yes,(1) very low
1/25/2019,Returning,Florida,Product 5,399,1,399,delayed,no,(2) low
1/26/2019,Returning,Tennessee,Product 5,399,3,1197,delayed,no,(3) ok
1/26/2019,Ad,Mississippi,Product 3,299,7,2093,on-time,no,(2) low
1/26/2019,Returning,Florida,Product 3,299,8,2392,on-time,yes,(3) ok
1/27/2019,Returning,Florida,Product 3,299,10,2990,on-time,no,(3) ok
1/28/2019,Ad,Mississippi,Product 3,299,5,1495,delayed,no,(4) high
1/29/2019,Returning,Tennessee,Product 4,99,5,495,on-time,no,(3) ok
1/29/2019,Ad,Tennessee,Product 4,99,10,990,on-time,no,(3) ok
1/29/2019,Ad,Alabama,Product 4,99,1,99,delayed,no,(5) very high
1/29/2019,Organic,Georgia,Product 5,399,5,1995,on-time,no,(3) ok
1/29/2019,Organic,Georgia,Product 1,499,9,4491,delayed,yes,(3) ok
1/29/2019,Organic,South Carolina,Product 3,299,10,2990,on-time,yes,(4) high
1/29/2019,Ad,Mississippi,Product 4,99,4,396,on-time,no,(1) very low
1/29/2019,Returning,Georgia,Product 1,499,2,998,on-time,no,(1) very low
1/29/2019,Organic,South Carolina,Product 3,299,10,2990,delayed,no,(2) low
1/29/2019,Ad,Mississippi,Product 2,199,7,1393,on-time,no,(4) high
1/29/2019,Organic,Georgia,Product 2,199,6,1194,on-time,yes,(2) low
1/29/2019,Organic,Mississippi,Product 1,499,6,2994,on-time,no,(4) high
1/29/2019,Ad,North Carolina,Product 2,199,5,995,on-time,no,(2) low
1/29/2019,Organic,Georgia,Product 5,399,10,3990,on-time,no,(4) high
1/29/2019,Returning,Tennessee,Product 4,99,9,891,on-time,no,(1) very low
1/29/2019,Ad,Florida,Product 1,499,5,2495,on-time,no,(3) ok
1/29/2019,Organic,Alabama,Product 3,299,4,1196,on-time,no,(2) low
1/30/2019,Organic,South Carolina,Product 3,299,7,2093,on-time,no,(2) low
1/31/2019,Organic,Florida,Product 5,399,9,3591,delayed,no,(4) high
1/31/2019,Organic,South Carolina,Product 1,499,8,3992,on-time,no,(3) ok
1/31/2019,Ad,Georgia,Product 5,399,6,2394,delayed,no,(2) low
1/31/2019,Organic,South Carolina,Product 5,399,9,3591,delayed,no,(4) high
1/31/2019,Returning,Alabama,Product 1,499,7,3493,on-time,no,(2) low
1/31/2019,Returning,North Carolina,Product 5,399,5,1995,on-time,yes,(2) low
1/31/2019,Returning,South Carolina,Product 3,299,10,2990,on-time,no,(2) low
1/31/2019,Organic,Mississippi,Product 3,299,4,1196,on-time,no,(4) high
1/31/2019,Returning,Georgia,Product 5,399,2,798,on-time,no,(3) ok
1/31/2019,Organic,North Carolina,Product 4,99,5,495,on-time,no,(2) low
1/31/2019,Ad,Alabama,Product 4,99,5,495,on-time,no,(2) low
1/31/2019,Returning,North Carolina,Product 5,399,1,399,delayed,yes,(3) ok
1/31/2019,Ad,Alabama,Product 4,99,2,198,on-time,no,(2) low
1/31/2019,Organic,Tennessee,Product 4,99,6,594,on-time,no,(4) high
1/31/2019,Returning,South Carolina,Product 2,199,10,1990,on-time,yes,(5) very high
2/1/2019,Ad,South Carolina,Product 3,299,9,2691,on-time,no,(1) very low
2/1/2019,Organic,Mississippi,Product 3,299,7,2093,on-time,no,(4) high
2/1/2019,Organic,Mississippi,Product 4,99,8,792,delayed,no,(3) ok
2/1/2019,Organic,Mississippi,Product 2,199,5,995,delayed,no,(4) high
2/1/2019,Returning,South Carolina,Product 1,499,7,3493,on-time,no,(3) ok
2/1/2019,Returning,Mississippi,Product 2,199,6,1194,delayed,no,(4) high
2/1/2019,Ad,North Carolina,Product 4,99,10,990,on-time,no,(4) high
2/2/2019,Organic,North Carolina,Product 4,99,7,693,on-time,no,(3) ok
2/2/2019,Returning,Alabama,Product 5,399,4,1596,on-time,no,(5) very high
2/2/2019,Organic,Alabama,Product 5,399,7,2793,delayed,no,(4) high
2/2/2019,Ad,Mississippi,Product 5,399,10,3990,on-time,no,(3) ok
2/2/2019,Returning,Florida,Product 4,99,7,693,on-time,no,(1) very low
2/3/2019,Ad,Tennessee,Product 4,99,10,990,on-time,no,(3) ok
2/3/2019,Ad,North Carolina,Product 4,99,1,99,on-time,no,(5) very high
2/3/2019,Organic,South Carolina,Product 1,499,9,4491,on-time,no,(3) ok
2/3/2019,Organic,Mississippi,Product 1,499,4,1996,on-time,no,(2) low
2/3/2019,Returning,Mississippi,Product 5,399,3,1197,delayed,no,(2) low
2/3/2019,Returning,Georgia,Product 3,299,5,1495,on-time,no,(5) very high
2/3/2019,Ad,Georgia,Product 4,99,4,396,on-time,no,(3) ok
2/4/2019,Returning,Mississippi,Product 2,199,6,1194,on-time,no,(3) ok
2/5/2019,Ad,Georgia,Product 1,499,3,1497,delayed,yes,(3) ok
2/5/2019,Ad,North Carolina,Product 2,199,10,1990,on-time,no,(2) low
2/5/2019,Returning,Georgia,Product 3,299,6,1794,on-time,no,(5) very high
2/6/2019,Organic,North Carolina,Product 5,399,2,798,on-time,no,(1) very low
2/6/2019,Organic,Florida,Product 3,299,9,2691,on-time,no,(3) ok
2/6/2019,Ad,Mississippi,Product 2,199,3,597,on-time,no,(2) low
2/7/2019,Returning,Florida,Product 3,299,2,598,on-time,no,(3) ok
2/7/2019,Ad,North Carolina,Product 1,499,3,1497,on-time,no,(3) ok
2/8/2019,Ad,Tennessee,Product 2,199,8,1592,on-time,no,(4) high
2/9/2019,Returning,Georgia,Product 2,199,5,995,on-time,no,(3) ok
2/10/2019,Returning,Mississippi,Product 4,99,3,297,on-time,no,(3) ok
2/11/2019,Ad,Florida,Product 1,499,5,2495,on-time,no,(3) ok
2/11/2019,Returning,North Carolina,Product 2,199,2,398,on-time,yes,(3) ok
2/11/2019,Organic,North Carolina,Product 4,99,3,297,on-time,no,(2) low
2/11/2019,Ad,Tennessee,Product 2,199,7,1393,on-time,no,(3) ok
2/11/2019,Ad,Georgia,Product 4,99,10,990,delayed,no,(3) ok
2/11/2019,Ad,Alabama,Product 4,99,8,792,on-time,no,(4) high
2/11/2019,Ad,Mississippi,Product 2,199,8,1592,delayed,no,(1) very low
2/11/2019,Ad,North Carolina,Product 1,499,3,1497,on-time,yes,(3) ok
2/12/2019,Returning,Mississippi,Product 1,499,5,2495,on-time,no,(5) very high
2/12/2019,Organic,Alabama,Product 2,199,7,1393,delayed,no,(1) very low
2/12/2019,Returning,Alabama,Product 5,399,9,3591,delayed,no,(3) ok
2/13/2019,Organic,South Carolina,Product 3,299,10,2990,on-time,no,(4) high
2/13/2019,Organic,North Carolina,Product 2,199,10,1990,on-time,no,(2) low
2/14/2019,Organic,Tennessee,Product 3,299,6,1794,on-time,no,(1) very low
2/14/2019,Returning,Georgia,Product 5,399,3,1197,delayed,no,(2) low
2/14/2019,Organic,Mississippi,Product 1,499,8,3992,on-time,no,(2) low
2/14/2019,Organic,South Carolina,Product 1,499,4,1996,on-time,no,(3) ok
2/14/2019,Ad,Mississippi,Product 5,399,5,1995,on-time,yes,(5) very high
2/15/2019,Returning,North Carolina,Product 2,199,2,398,on-time,no,(3) ok
2/15/2019,Ad,North Carolina,Product 2,199,5,995,on-time,no,(2) low
2/15/2019,Ad,Georgia,Product 5,399,6,2394,delayed,no,(4) high
2/15/2019,Returning,Tennessee,Product 5,399,2,798,delayed,no,(3) ok
2/15/2019,Ad,Alabama,Product 5,399,2,798,delayed,no,(3) ok
2/15/2019,Ad,North Carolina,Product 4,99,1,99,on-time,no,(4) high
2/15/2019,Organic,Tennessee,Product 3,299,5,1495,on-time,no,(2) low
2/15/2019,Organic,Mississippi,Product 3,299,8,2392,on-time,no,(5) very high
2/16/2019,Organic,Georgia,Product 5,399,4,1596,on-time,no,(2) low
2/16/2019,Returning,Florida,Product 5,399,4,1596,delayed,no,(4) high
2/16/2019,Organic,Alabama,Product 5,399,1,399,delayed,no,(3) ok
2/17/2019,Returning,Mississippi,Product 2,199,1,199,delayed,no,(4) high
2/17/2019,Organic,Mississippi,Product 2,199,7,1393,on-time,no,(4) high
2/18/2019,Returning,Alabama,Product 3,299,4,1196,on-time,no,(2) low
2/19/2019,Ad,Mississippi,Product 2,199,1,199,on-time,no,(4) high
2/19/2019,Organic,Georgia,Product 5,399,1,399,on-time,no,(4) high
2/19/2019,Organic,Georgia,Product 1,499,10,4990,delayed,no,(4) high
2/19/2019,Returning,South Carolina,Product 4,99,10,990,on-time,no,(2) low
2/19/2019,Returning,Tennessee,Product 4,99,5,495,delayed,no,(4) high
2/19/2019,Ad,South Carolina,Product 5,399,5,1995,on-time,no,(5) very high
2/19/2019,Ad,Mississippi,Product 3,299,1,299,on-time,no,(4) high
2/19/2019,Ad,Georgia,Product 3,299,1,299,on-time,no,(3) ok
2/19/2019,Ad,Florida,Product 5,399,3,1197,on-time,no,(5) very high
2/19/2019,Returning,Mississippi,Product 4,99,4,396,delayed,no,(1) very low
2/19/2019,Organic,Georgia,Product 2,199,10,1990,on-time,no,(5) very high
2/20/2019,Organic,Mississippi,Product 4,99,5,495,on-time,no,(1) very low
2/20/2019,Organic,Georgia,Product 2,199,3,597,delayed,no,(3) ok
2/20/2019,Returning,North Carolina,Product 1,499,6,2994,on-time,no,(3) ok
2/20/2019,Returning,Georgia,Product 3,299,6,1794,delayed,no,(5) very high
2/20/2019,Organic,South Carolina,Product 5,399,2,798,on-time,no,(4) high
2/20/2019,Returning,Alabama,Product 3,299,5,1495,delayed,no,(3) ok
2/20/2019,Ad,Alabama,Product 1,499,1,499,delayed,no,(4) high
2/21/2019,Ad,Florida,Product 3,299,8,2392,delayed,no,(3) ok
2/21/2019,Organic,North Carolina,Product 3,299,1,299,on-time,no,(1) very low
2/21/2019,Organic,Florida,Product 5,399,7,2793,on-time,no,(4) high
2/21/2019,Organic,Florida,Product 4,99,7,693,delayed,no,(2) low
2/21/2019,Ad,Mississippi,Product 5,399,5,1995,delayed,no,(3) ok
2/22/2019,Returning,North Carolina,Product 5,399,2,798,on-time,no,(3) ok
2/22/2019,Organic,Alabama,Product 3,299,8,2392,delayed,no,(5) very high
2/22/2019,Ad,Alabama,Product 1,499,3,1497,delayed,no,(3) ok
2/22/2019,Ad,Florida,Product 5,399,6,2394,on-time,no,(4) high
2/23/2019,Returning,North Carolina,Product 1,499,2,998,on-time,no,(2) low
2/23/2019,Organic,Tennessee,Product 1,499,9,4491,delayed,no,(4) high
2/23/2019,Organic,Georgia,Product 2,199,10,1990,on-time,no,(4) high
2/24/2019,Returning,Alabama,Product 4,99,10,990,delayed,no,(4) high
2/24/2019,Organic,Georgia,Product 1,499,1,499,on-time,no,(4) high
2/24/2019,Ad,North Carolina,Product 5,399,6,2394,on-time,no,(3) ok
2/25/2019,Returning,North Carolina,Product 2,199,5,995,on-time,no,(5) very high
2/25/2019,Returning,Georgia,Product 1,499,6,2994,on-time,yes,(5) very high
2/26/2019,Ad,Mississippi,Product 5,399,9,3591,on-time,no,(5) very high
2/27/2019,Returning,Mississippi,Product 5,399,1,399,on-time,no,(3) ok
2/27/2019,Ad,Georgia,Product 1,499,7,3493,on-time,no,(2) low
2/27/2019,Organic,Florida,Product 1,499,4,1996,on-time,no,(4) high
2/27/2019,Ad,South Carolina,Product 3,299,4,1196,on-time,no,(5) very high
2/27/2019,Ad,South Carolina,Product 1,499,1,499,on-time,no,(3) ok
2/27/2019,Returning,Florida,Product 4,99,7,693,delayed,no,(1) very low
2/27/2019,Ad,North Carolina,Product 5,399,2,798,on-time,yes,(3) ok
2/27/2019,Ad,Mississippi,Product 5,399,5,1995,on-time,no,(2) low
2/27/2019,Returning,Florida,Product 3,299,7,2093,on-time,no,(3) ok
2/27/2019,Returning,Tennessee,Product 2,199,2,398,delayed,no,(5) very high
2/27/2019,Ad,Georgia,Product 3,299,9,2691,on-time,no,(2) low
2/28/2019,Ad,Mississippi,Product 2,199,2,398,on-time,no,(3) ok
2/28/2019,Organic,Alabama,Product 2,199,6,1194,on-time,no,(4) high
3/1/2019,Returning,Georgia,Product 5,399,2,798,on-time,no,(3) ok
3/1/2019,Organic,South Carolina,Product 5,399,5,1995,on-time,no,(3) ok
3/1/2019,Returning,Alabama,Product 4,99,3,297,on-time,no,(4) high
3/1/2019,Ad,Tennessee,Product 2,199,8,1592,on-time,no,(1) very low
3/1/2019,Organic,North Carolina,Product 2,199,6,1194,delayed,no,(5) very high
3/2/2019,Organic,North Carolina,Product 1,499,8,3992,on-time,yes,(3) ok
3/2/2019,Organic,Florida,Product 1,499,8,3992,on-time,no,(5) very high
3/2/2019,Ad,North Carolina,Product 4,99,2,198,on-time,yes,(2) low
3/3/2019,Organic,Alabama,Product 4,99,4,396,delayed,no,(4) high
3/3/2019,Organic,Tennessee,Product 2,199,8,1592,on-time,no,(3) ok
3/4/2019,Organic,Tennessee,Product 2,199,5,995,delayed,no,(3) ok
3/4/2019,Organic,Mississippi,Product 3,299,7,2093,on-time,no,(3) ok
3/4/2019,Ad,South Carolina,Product 1,499,3,1497,on-time,no,(4) high
3/4/2019,Ad,Mississippi,Product 2,199,3,597,on-time,no,(2) low
3/4/2019,Ad,Florida,Product 4,99,4,396,on-time,yes,(3) ok
3/4/2019,Organic,North Carolina,Product 4,99,2,198,on-time,no,(3) ok
3/4/2019,Ad,South Carolina,Product 3,299,4,1196,delayed,no,(2) low
3/4/2019,Organic,South Carolina,Product 1,499,3,1497,on-time,no,(3) ok
3/4/2019,Organic,North Carolina,Product 5,399,3,1197,on-time,yes,(3) ok
3/5/2019,Ad,North Carolina,Product 2,199,7,1393,on-time,no,(3) ok
3/5/2019,Returning,Tennessee,Product 1,499,4,1996,on-time,no,(3) ok
3/6/2019,Ad,Georgia,Product 1,499,7,3493,delayed,no,(2) low
3/7/2019,Organic,Georgia,Product 3,299,2,598,delayed,no,(3) ok
3/7/2019,Organic,Tennessee,Product 3,299,10,2990,delayed,no,(2) low
3/8/2019,Returning,Tennessee,Product 4,99,4,396,delayed,no,(5) very high
3/8/2019,Organic,Tennessee,Product 5,399,4,1596,on-time,no,(4) high
3/8/2019,Returning,Alabama,Product 1,499,10,4990,on-time,no,(3) ok
3/9/2019,Returning,Florida,Product 1,499,10,4990,delayed,no,(1) very low
3/9/2019,Returning,Mississippi,Product 3,299,3,897,on-time,no,(3) ok
3/10/2019,Returning,Georgia,Product 5,399,2,798,on-time,no,(4) high
3/11/2019,Organic,Mississippi,Product 4,99,6,594,on-time,no,(4) high
3/11/2019,Organic,Alabama,Product 2,199,6,1194,on-time,no,(3) ok
3/11/2019,Organic,Florida,Product 3,299,9,2691,on-time,no,(1) very low
3/11/2019,Organic,Alabama,Product 4,99,2,198,delayed,no,(3) ok
3/12/2019,Returning,Georgia,Product 4,99,9,891,on-time,no,(3) ok
3/12/2019,Ad,Mississippi,Product 5,399,9,3591,delayed,no,(4) high
3/12/2019,Returning,Florida,Product 4,99,1,99,on-time,no,(3) ok
3/12/2019,Ad,South Carolina,Product 4,99,1,99,on-time,no,(3) ok
3/12/2019,Ad,Alabama,Product 5,399,8,3192,on-time,no,(3) ok
3/12/2019,Returning,Alabama,Product 2,199,5,995,delayed,no,(3) ok
3/12/2019,Returning,Tennessee,Product 1,499,9,4491,on-time,no,(2) low
3/12/2019,Returning,Mississippi,Product 5,399,10,3990,delayed,no,(1) very low
3/13/2019,Ad,Mississippi,Product 2,199,3,597,on-time,no,(3) ok
3/13/2019,Returning,Mississippi,Product 2,199,5,995,on-time,no,(3) ok
3/13/2019,Ad,Alabama,Product 4,99,2,198,on-time,no,(3) ok
3/13/2019,Ad,Georgia,Product 2,199,6,1194,on-time,no,(5) very high
3/13/2019,Organic,Georgia,Product 5,399,1,399,on-time,yes,(4) high
3/13/2019,Ad,Mississippi,Product 5,399,8,3192,delayed,yes,(4) high
3/13/2019,Returning,Florida,Product 4,99,8,792,delayed,no,(2) low
3/13/2019,Organic,North Carolina,Product 4,99,10,990,delayed,no,(3) ok
3/13/2019,Organic,Alabama,Product 5,399,2,798,delayed,no,(2) low
3/13/2019,Ad,South Carolina,Product 1,499,3,1497,on-time,no,(5) very high
3/13/2019,Ad,Florida,Product 5,399,7,2793,on-time,no,(3) ok
3/13/2019,Returning,Mississippi,Product 2,199,10,1990,on-time,no,(2) low
3/13/2019,Returning,Mississippi,Product 2,199,6,1194,delayed,yes,(5) very high
3/13/2019,Returning,South Carolina,Product 2,199,8,1592,delayed,no,(3) ok
3/13/2019,Organic,Georgia,Product 3,299,7,2093,delayed,no,(4) high
3/13/2019,Ad,Georgia,Product 2,199,5,995,on-time,no,(3) ok
3/13/2019,Organic,Georgia,Product 5,399,1,399,on-time,yes,(3) ok
3/14/2019,Returning,Florida,Product 1,499,3,1497,on-time,no,(4) high
3/14/2019,Organic,Georgia,Product 3,299,9,2691,delayed,no,(3) ok
3/14/2019,Returning,North Carolina,Product 3,299,5,1495,delayed,no,(4) high
3/14/2019,Returning,Georgia,Product 5,399,6,2394,on-time,no,(3) ok
3/15/2019,Returning,Georgia,Product 3,299,7,2093,delayed,no,(3) ok
3/15/2019,Returning,South Carolina,Product 5,399,10,3990,on-time,no,(3) ok
3/15/2019,Organic,Tennessee,Product 5,399,9,3591,on-time,no,(3) ok
3/15/2019,Returning,Alabama,Product 3,299,1,299,delayed,no,(5) very high
3/15/2019,Organic,Mississippi,Product 5,399,10,3990,on-time,no,(5) very high
3/15/2019,Organic,Tennessee,Product 5,399,1,399,delayed,no,(1) very low
3/15/2019,Ad,South Carolina,Product 4,99,4,396,on-time,no,(3) ok
3/16/2019,Ad,Tennessee,Product 3,299,5,1495,delayed,no,(4) high
3/16/2019,Ad,Tennessee,Product 2,199,9,1791,on-time,no,(3) ok
3/16/2019,Returning,Alabama,Product 2,199,10,1990,on-time,no,(3) ok
3/16/2019,Organic,Mississippi,Product 5,399,2,798,on-time,no,(4) high
3/16/2019,Organic,Alabama,Product 1,499,6,2994,on-time,yes,(3) ok
3/16/2019,Organic,Mississippi,Product 2,199,4,796,on-time,no,(1) very low
3/16/2019,Ad,South Carolina,Product 1,499,5,2495,on-time,no,(3) ok
3/17/2019,Ad,Alabama,Product 3,299,9,2691,delayed,no,(2) low
3/18/2019,Returning,Alabama,Product 1,499,3,1497,delayed,no,(2) low
3/18/2019,Ad,Tennessee,Product 2,199,4,796,on-time,yes,(3) ok
3/19/2019,Returning,Alabama,Product 3,299,7,2093,on-time,no,(2) low
3/19/2019,Organic,Tennessee,Product 3,299,7,2093,on-time,no,(4) high
3/19/2019,Ad,Alabama,Product 4,99,6,594,on-time,no,(4) high
3/19/2019,Returning,North Carolina,Product 2,199,9,1791,on-time,no,(4) high
3/19/2019,Organic,Mississippi,Product 3,299,4,1196,delayed,no,(3) ok
3/19/2019,Ad,Georgia,Product 5,399,3,1197,on-time,no,(3) ok
3/20/2019,Ad,Mississippi,Product 4,99,5,495,on-time,no,(2) low
3/21/2019,Organic,Alabama,Product 2,199,7,1393,delayed,no,(2) low
3/21/2019,Returning,Georgia,Product 1,499,5,2495,on-time,no,(3) ok
3/21/2019,Returning,Tennessee,Product 5,399,8,3192,on-time,no,(3) ok
3/21/2019,Organic,Alabama,Product 3,299,7,2093,delayed,no,(3) ok
3/21/2019,Returning,Florida,Product 2,199,7,1393,delayed,no,(1) very low
3/21/2019,Returning,South Carolina,Product 2,199,10,1990,on-time,no,(4) high
3/22/2019,Returning,Tennessee,Product 2,199,9,1791,on-time,no,(2) low
3/22/2019,Ad,North Carolina,Product 1,499,1,499,delayed,no,(3) ok
3/22/2019,Organic,South Carolina,Product 2,199,9,1791,on-time,no,(1) very low
3/22/2019,Returning,Georgia,Product 2,199,7,1393,on-time,no,(1) very low
3/22/2019,Returning,Mississippi,Product 2,199,6,1194,delayed,no,(2) low
3/22/2019,Organic,South Carolina,Product 1,499,8,3992,delayed,no,(3) ok
3/23/2019,Ad,Tennessee,Product 2,199,1,199,on-time,no,(3) ok
3/23/2019,Ad,South Carolina,Product 5,399,6,2394,on-time,no,(3) ok
3/23/2019,Organic,North Carolina,Product 5,399,8,3192,on-time,no,(5) very high
3/23/2019,Ad,Georgia,Product 1,499,6,2994,on-time,no,(2) low
3/23/2019,Organic,North Carolina,Product 3,299,2,598,delayed,no,(1) very low
3/23/2019,Returning,Florida,Product 2,199,5,995,delayed,no,(3) ok
3/23/2019,Ad,Tennessee,Product 2,199,4,796,on-time,no,(1) very low
3/24/2019,Organic,Alabama,Product 4,99,4,396,on-time,no,(3) ok
3/24/2019,Organic,Tennessee,Product 4,99,3,297,on-time,no,(5) very high
3/24/2019,Ad,Georgia,Product 2,199,4,796,on-time,no,(1) very low
3/24/2019,Organic,Florida,Product 1,499,3,1497,on-time,no,(4) high
3/24/2019,Returning,North Carolina,Product 1,499,1,499,delayed,no,(3) ok
3/24/2019,Ad,Alabama,Product 2,199,1,199,on-time,no,(4) high
3/24/2019,Organic,Tennessee,Product 2,199,1,199,delayed,no,(1) very low
3/24/2019,Ad,Georgia,Product 4,99,4,396,on-time,no,(3) ok
3/24/2019,Returning,Tennessee,Product 1,499,6,2994,delayed,no,(2) low
3/24/2019,Ad,Mississippi,Product 5,399,5,1995,delayed,no,(2) low
3/25/2019,Organic,Florida,Product 1,499,7,3493,on-time,yes,(2) low
3/26/2019,Organic,Florida,Product 5,399,7,2793,delayed,no,(2) low
3/26/2019,Ad,South Carolina,Product 2,199,8,1592,on-time,no,(3) ok
3/26/2019,Organic,Florida,Product 4,99,6,594,delayed,no,(2) low
3/27/2019,Ad,Florida,Product 3,299,9,2691,delayed,yes,(1) very low
3/27/2019,Returning,North Carolina,Product 5,399,10,3990,on-time,no,(4) high
3/27/2019,Organic,South Carolina,Product 1,499,7,3493,delayed,no,(3) ok
3/28/2019,Organic,Georgia,Product 5,399,1,399,on-time,no,(4) high
3/28/2019,Ad,Alabama,Product 1,499,7,3493,delayed,no,(5) very high
3/28/2019,Organic,Georgia,Product 4,99,2,198,delayed,no,(5) very high
3/28/2019,Returning,Georgia,Product 5,399,1,399,on-time,no,(5) very high
3/28/2019,Ad,Tennessee,Product 2,199,10,1990,on-time,no,(1) very low
3/28/2019,Returning,Tennessee,Product 3,299,9,2691,on-time,no,(3) ok
3/28/2019,Organic,North Carolina,Product 1,499,3,1497,on-time,no,(2) low
3/28/2019,Returning,South Carolina,Product 4,99,10,990,on-time,no,(4) high
3/28/2019,Ad,Alabama,Product 5,399,2,798,on-time,no,(3) ok
3/28/2019,Organic,North Carolina,Product 4,99,6,594,on-time,no,(4) high
3/29/2019,Ad,Mississippi,Product 3,299,1,299,delayed,yes,(5) very high
3/29/2019,Ad,Alabama,Product 2,199,2,398,on-time,no,(3) ok
3/30/2019,Ad,South Carolina,Product 1,499,6,2994,on-time,no,(4) high
3/30/2019,Organic,South Carolina,Product 1,499,6,2994,on-time,no,(4) high
3/31/2019,Organic,Alabama,Product 5,399,6,2394,on-time,no,(3) ok
3/31/2019,Organic,Tennessee,Product 1,499,7,3493,on-time,no,(3) ok
3/31/2019,Organic,Alabama,Product 3,299,1,299,on-time,yes,(3) ok
3/31/2019,Returning,Tennessee,Product 3,299,8,2392,on-time,no,(3) ok
3/31/2019,Ad,Florida,Product 1,499,6,2994,delayed,no,(4) high
3/31/2019,Organic,Mississippi,Product 4,99,3,297,delayed,no,(4) high
3/31/2019,Returning,North Carolina,Product 2,199,7,1393,delayed,no,(3) ok
3/31/2019,Returning,Georgia,Product 5,399,1,399,on-time,no,(5) very high
3/31/2019,Returning,Mississippi,Product 1,499,2,998,delayed,no,(4) high
3/31/2019,Ad,Georgia,Product 3,299,1,299,on-time,no,(3) ok
3/31/2019,Returning,Florida,Product 4,99,2,198,on-time,no,(4) high
4/1/2019,Organic,Florida,Product 2,199,4,796,delayed,no,(1) very low
4/1/2019,Ad,Mississippi,Product 1,499,10,4990,on-time,no,(3) ok
4/2/2019,Returning,Mississippi,Product 3,299,7,2093,on-time,yes,(4) high
4/2/2019,Returning,Tennessee,Product 3,299,4,1196,on-time,no,(4) high
4/2/2019,Ad,Georgia,Product 5,399,7,2793,on-time,no,(3) ok
4/2/2019,Ad,Georgia,Product 1,499,2,998,delayed,yes,(3) ok
4/2/2019,Organic,South Carolina,Product 3,299,3,897,on-time,no,(2) low
4/3/2019,Organic,North Carolina,Product 4,99,5,495,delayed,no,(4) high
4/3/2019,Ad,North Carolina,Product 3,299,8,2392,on-time,no,(1) very low
4/3/2019,Ad,Tennessee,Product 2,199,6,1194,on-time,no,(2) low
4/3/2019,Organic,Mississippi,Product 4,99,7,693,on-time,no,(2) low
4/3/2019,Organic,Georgia,Product 4,99,1,99,on-time,no,(3) ok
4/4/2019,Returning,Alabama,Product 3,299,7,2093,on-time,no,(3) ok
4/4/2019,Organic,Mississippi,Product 2,199,10,1990,on-time,no,(3) ok
4/4/2019,Ad,Alabama,Product 5,399,7,2793,on-time,no,(2) low
4/4/2019,Ad,South Carolina,Product 5,399,4,1596,on-time,no,(5) very high
4/4/2019,Returning,Georgia,Product 3,299,1,299,delayed,no,(2) low
4/4/2019,Returning,Florida,Product 3,299,5,1495,on-time,no,(2) low
4/4/2019,Returning,Mississippi,Product 3,299,4,1196,on-time,no,(3) ok
4/4/2019,Ad,South Carolina,Product 5,399,10,3990,on-time,no,(1) very low
4/4/2019,Ad,South Carolina,Product 4,99,2,198,delayed,no,(4) high
4/4/2019,Ad,South Carolina,Product 5,399,8,3192,on-time,no,(3) ok
4/4/2019,Ad,Alabama,Product 2,199,6,1194,delayed,no,(2) low
4/4/2019,Ad,North Carolina,Product 4,99,1,99,delayed,no,(2) low
4/5/2019,Ad,Florida,Product 2,199,7,1393,on-time,no,(2) low
4/5/2019,Ad,Florida,Product 2,199,10,1990,on-time,no,(2) low
4/6/2019,Ad,South Carolina,Product 3,299,1,299,on-time,no,(1) very low
4/7/2019,Organic,Alabama,Product 5,399,3,1197,on-time,no,(3) ok
4/7/2019,Returning,Georgia,Product 2,199,6,1194,delayed,no,(3) ok
4/7/2019,Ad,Georgia,Product 5,399,9,3591,on-time,no,(3) ok
4/7/2019,Organic,Alabama,Product 5,399,10,3990,delayed,no,(4) high
4/8/2019,Organic,South Carolina,Product 5,399,8,3192,delayed,no,(5) very high
4/8/2019,Ad,North Carolina,Product 3,299,7,2093,on-time,no,(4) high
4/8/2019,Ad,North Carolina,Product 4,99,4,396,on-time,no,(4) high
4/9/2019,Ad,North Carolina,Product 3,299,2,598,on-time,no,(5) very high
4/9/2019,Organic,Florida,Product 3,299,4,1196,on-time,no,(4) high
4/10/2019,Ad,Alabama,Product 5,399,1,399,on-time,no,(2) low
4/10/2019,Ad,Georgia,Product 4,99,5,495,delayed,no,(4) high
4/10/2019,Ad,Florida,Product 4,99,4,396,delayed,no,(5) very high
4/10/2019,Organic,Florida,Product 1,499,9,4491,on-time,no,(3) ok
4/11/2019,Ad,South Carolina,Product 5,399,5,1995,on-time,no,(5) very high
4/11/2019,Organic,North Carolina,Product 1,499,10,4990,delayed,no,(5) very high
4/11/2019,Ad,Tennessee,Product 1,499,7,3493,on-time,no,(3) ok
4/11/2019,Returning,Tennessee,Product 2,199,3,597,on-time,no,(2) low
4/11/2019,Ad,Tennessee,Product 2,199,9,1791,delayed,no,(4) high
4/12/2019,Returning,Tennessee,Product 4,99,8,792,delayed,no,(3) ok
4/13/2019,Organic,Georgia,Product 1,499,10,4990,on-time,no,(3) ok
4/13/2019,Returning,Florida,Product 2,199,5,995,on-time,no,(4) high
4/14/2019,Returning,Mississippi,Product 1,499,2,998,delayed,no,(3) ok
4/14/2019,Ad,South Carolina,Product 4,99,9,891,on-time,no,(1) very low
4/14/2019,Ad,Florida,Product 3,299,1,299,on-time,no,(4) high
4/14/2019,Organic,North Carolina,Product 2,199,4,796,delayed,no,(4) high
4/14/2019,Ad,Alabama,Product 2,199,3,597,on-time,no,(4) high
4/14/2019,Returning,Tennessee,Product 1,499,1,499,on-time,no,(2) low
4/15/2019,Returning,Florida,Product 3,299,9,2691,delayed,no,(4) high
4/15/2019,Returning,Florida,Product 1,499,10,4990,delayed,no,(3) ok
4/16/2019,Organic,Tennessee,Product 1,499,1,499,on-time,no,(3) ok
4/16/2019,Organic,Georgia,Product 5,399,4,1596,on-time,no,(2) low
4/16/2019,Organic,Mississippi,Product 5,399,4,1596,delayed,yes,(1) very low
4/16/2019,Returning,Mississippi,Product 4,99,10,990,on-time,no,(2) low
4/17/2019,Returning,Tennessee,Product 3,299,6,1794,delayed,no,(3) ok
4/17/2019,Organic,Alabama,Product 1,499,7,3493,on-time,yes,(3) ok
4/17/2019,Organic,Mississippi,Product 5,399,5,1995,on-time,no,(5) very high
4/17/2019,Returning,Florida,Product 2,199,5,995,on-time,no,(3) ok
4/17/2019,Organic,Mississippi,Product 2,199,5,995,delayed,no,(3) ok
4/17/2019,Organic,North Carolina,Product 4,99,8,792,on-time,no,(4) high
4/18/2019,Organic,Florida,Product 3,299,1,299,on-time,no,(1) very low
4/18/2019,Organic,Alabama,Product 5,399,3,1197,on-time,no,(2) low
4/19/2019,Returning,North Carolina,Product 5,399,9,3591,delayed,no,(3) ok
4/19/2019,Ad,Georgia,Product 4,99,7,693,on-time,no,(3) ok
4/19/2019,Organic,Alabama,Product 4,99,10,990,on-time,no,(3) ok
4/19/2019,Ad,North Carolina,Product 3,299,3,897,on-time,no,(2) low
4/20/2019,Returning,Florida,Product 1,499,7,3493,delayed,no,(4) high
4/21/2019,Returning,Georgia,Product 2,199,4,796,on-time,no,(1) very low
4/22/2019,Organic,South Carolina,Product 3,299,3,897,delayed,no,(3) ok
4/22/2019,Returning,North Carolina,Product 2,199,5,995,on-time,no,(3) ok
4/22/2019,Organic,Georgia,Product 5,399,6,2394,on-time,no,(1) very low
4/23/2019,Ad,Alabama,Product 3,299,6,1794,on-time,no,(4) high
4/23/2019,Ad,Alabama,Product 1,499,7,3493,on-time,no,(3) ok
4/23/2019,Organic,North Carolina,Product 5,399,7,2793,delayed,no,(2) low
4/23/2019,Returning,North Carolina,Product 2,199,8,1592,on-time,no,(3) ok
4/24/2019,Organic,Florida,Product 2,199,3,597,delayed,yes,(2) low
4/24/2019,Organic,Mississippi,Product 2,199,3,597,delayed,no,(4) high
4/24/2019,Ad,Mississippi,Product 4,99,9,891,on-time,yes,(4) high
4/24/2019,Organic,South Carolina,Product 4,99,9,891,delayed,yes,(3) ok
4/24/2019,Ad,South Carolina,Product 4,99,4,396,delayed,no,(1) very low
4/24/2019,Ad,South Carolina,Product 2,199,8,1592,on-time,no,(3) ok
4/24/2019,Ad,North Carolina,Product 4,99,9,891,on-time,no,(5) very high
4/24/2019,Organic,Alabama,Product 4,99,1,99,delayed,no,(5) very high
4/24/2019,Returning,North Carolina,Product 4,99,8,792,on-time,yes,(3) ok
4/25/2019,Returning,Mississippi,Product 1,499,3,1497,on-time,no,(1) very low
4/25/2019,Ad,South Carolina,Product 5,399,7,2793,on-time,no,(1) very low
4/25/2019,Organic,Florida,Product 3,299,1,299,on-time,no,(5) very high
4/25/2019,Ad,Tennessee,Product 3,299,5,1495,delayed,no,(1) very low
4/26/2019,Ad,Tennessee,Product 4,99,5,495,on-time,no,(2) low
4/26/2019,Ad,North Carolina,Product 1,499,2,998,on-time,no,(3) ok
4/26/2019,Returning,South Carolina,Product 1,499,9,4491,delayed,no,(1) very low
4/27/2019,Ad,Mississippi,Product 5,399,2,798,on-time,no,(3) ok
4/27/2019,Returning,Alabama,Product 1,499,5,2495,on-time,no,(1) very low
4/27/2019,Returning,South Carolina,Product 4,99,2,198,delayed,no,(4) high
4/27/2019,Ad,Mississippi,Product 4,99,3,297,on-time,no,(4) high
4/28/2019,Ad,Georgia,Product 1,499,10,4990,on-time,no,(3) ok
4/28/2019,Returning,Florida,Product 3,299,2,598,delayed,yes,(2) low
4/28/2019,Returning,Alabama,Product 3,299,8,2392,delayed,no,(3) ok
4/28/2019,Ad,Alabama,Product 1,499,4,1996,delayed,no,(3) ok
4/28/2019,Organic,Alabama,Product 5,399,8,3192,on-time,no,(3) ok
4/28/2019,Organic,Mississippi,Product 4,99,4,396,delayed,no,(3) ok
4/28/2019,Returning,Georgia,Product 3,299,7,2093,on-time,no,(1) very low
4/29/2019,Returning,Georgia,Product 2,199,9,1791,delayed,no,(1) very low
4/29/2019,Ad,South Carolina,Product 4,99,4,396,on-time,yes,(3) ok
4/29/2019,Returning,North Carolina,Product 5,399,10,3990,on-time,no,(3) ok
4/29/2019,Returning,Alabama,Product 5,399,9,3591,delayed,no,(4) high
4/29/2019,Organic,Alabama,Product 3,299,8,2392,delayed,no,(3) ok
4/29/2019,Organic,Mississippi,Product 2,199,7,1393,on-time,no,(5) very high
4/29/2019,Organic,Alabama,Product 5,399,10,3990,on-time,no,(4) high
4/29/2019,Returning,Florida,Product 4,99,3,297,on-time,no,(3) ok
4/29/2019,Ad,South Carolina,Product 5,399,1,399,on-time,no,(3) ok
4/30/2019,Organic,Alabama,Product 4,99,7,693,on-time,yes,(3) ok
4/30/2019,Ad,North Carolina,Product 1,499,2,998,on-time,no,(1) very low
4/30/2019,Organic,Georgia,Product 5,399,9,3591,on-time,no,(1) very low
4/30/2019,Organic,Alabama,Product 1,499,5,2495,on-time,no,(2) low
4/30/2019,Returning,Florida,Product 5,399,2,798,on-time,no,(2) low
4/30/2019,Organic,Georgia,Product 2,199,6,1194,on-time,no,(1) very low
5/1/2019,Returning,Georgia,Product 2,199,4,796,on-time,yes,(3) ok
5/1/2019,Ad,Tennessee,Product 2,199,1,199,on-time,no,(3) ok
5/1/2019,Ad,Tennessee,Product 2,199,3,597,delayed,no,(5) very high
5/1/2019,Returning,North Carolina,Product 3,299,1,299,delayed,no,(2) low
5/1/2019,Ad,Georgia,Product 2,199,9,1791,on-time,no,(5) very high
5/1/2019,Returning,Tennessee,Product 4,99,7,693,on-time,yes,(3) ok
5/1/2019,Ad,Tennessee,Product 3,299,7,2093,delayed,no,(2) low
5/2/2019,Returning,Tennessee,Product 4,99,5,495,on-time,yes,(5) very high
5/2/2019,Organic,Mississippi,Product 4,99,2,198,delayed,no,(2) low
5/2/2019,Organic,South Carolina,Product 2,199,2,398,on-time,no,(2) low
5/3/2019,Returning,North Carolina,Product 4,99,3,297,delayed,no,(2) low
5/3/2019,Returning,Georgia,Product 1,499,8,3992,delayed,no,(4) high
5/3/2019,Returning,Florida,Product 4,99,2,198,delayed,yes,(3) ok
5/4/2019,Organic,Florida,Product 5,399,6,2394,on-time,no,(3) ok
5/5/2019,Organic,Alabama,Product 5,399,2,798,delayed,no,(3) ok
5/5/2019,Ad,North Carolina,Product 4,99,10,990,delayed,no,(2) low
5/6/2019,Ad,Georgia,Product 2,199,9,1791,on-time,no,(2) low
5/6/2019,Returning,Tennessee,Product 4,99,7,693,on-time,no,(1) very low
5/7/2019,Ad,Florida,Product 1,499,2,998,on-time,no,(3) ok
5/7/2019,Organic,Mississippi,Product 3,299,8,2392,on-time,no,(3) ok
5/7/2019,Ad,Florida,Product 2,199,1,199,on-time,no,(5) very high
5/7/2019,Returning,South Carolina,Product 3,299,4,1196,on-time,no,(3) ok
5/7/2019,Organic,South Carolina,Product 3,299,1,299,on-time,no,(5) very high
5/7/2019,Ad,Alabama,Product 3,299,2,598,on-time,no,(3) ok
5/7/2019,Ad,South Carolina,Product 5,399,8,3192,on-time,no,(2) low
5/8/2019,Returning,Tennessee,Product 5,399,7,2793,on-time,no,(1) very low
5/8/2019,Ad,Tennessee,Product 5,399,10,3990,on-time,no,(1) very low
5/8/2019,Ad,Georgia,Product 4,99,1,99,on-time,no,(3) ok
5/8/2019,Ad,Alabama,Product 2,199,8,1592,delayed,no,(3) ok
5/8/2019,Ad,Mississippi,Product 2,199,5,995,on-time,no,(3) ok
5/8/2019,Returning,North Carolina,Product 3,299,7,2093,on-time,no,(3) ok
5/8/2019,Organic,South Carolina,Product 1,499,4,1996,on-time,no,(4) high
5/9/2019,Returning,Georgia,Product 1,499,1,499,on-time,yes,(2) low
5/10/2019,Organic,Georgia,Product 1,499,6,2994,delayed,no,(4) high
5/10/2019,Organic,Tennessee,Product 2,199,1,199,on-time,no,(3) ok
5/10/2019,Ad,Florida,Product 5,399,1,399,delayed,yes,(2) low
5/11/2019,Ad,Alabama,Product 4,99,6,594,delayed,no,(4) high
5/11/2019,Organic,Tennessee,Product 1,499,1,499,on-time,no,(1) very low
5/11/2019,Organic,Georgia,Product 2,199,1,199,delayed,no,(3) ok
5/11/2019,Organic,Alabama,Product 1,499,10,4990,on-time,no,(4) high
5/11/2019,Ad,Georgia,Product 1,499,2,998,on-time,no,(4) high
5/11/2019,Organic,Mississippi,Product 4,99,6,594,delayed,no,(2) low
5/11/2019,Returning,Tennessee,Product 3,299,6,1794,on-time,no,(1) very low
5/11/2019,Organic,South Carolina,Product 4,99,10,990,on-time,no,(2) low
5/11/2019,Organic,Tennessee,Product 2,199,7,1393,on-time,no,(3) ok
5/11/2019,Organic,South Carolina,Product 3,299,3,897,on-time,no,(1) very low
5/12/2019,Returning,Georgia,Product 1,499,6,2994,delayed,no,(4) high
5/12/2019,Returning,Florida,Product 3,299,1,299,delayed,no,(1) very low
5/12/2019,Returning,Georgia,Product 1,499,1,499,on-time,no,(3) ok
5/12/2019,Organic,Alabama,Product 4,99,10,990,delayed,no,(5) very high
5/12/2019,Returning,North Carolina,Product 5,399,10,3990,on-time,no,(2) low
5/12/2019,Returning,Georgia,Product 5,399,1,399,on-time,no,(3) ok
5/12/2019,Returning,Tennessee,Product 5,399,3,1197,on-time,no,(3) ok
5/13/2019,Ad,Alabama,Product 3,299,5,1495,on-time,no,(3) ok
5/13/2019,Returning,Georgia,Product 1,499,6,2994,delayed,no,(3) ok
5/14/2019,Returning,Mississippi,Product 4,99,9,891,delayed,yes,(3) ok
5/15/2019,Organic,Florida,Product 3,299,3,897,delayed,no,(3) ok
5/15/2019,Ad,Florida,Product 4,99,9,891,on-time,no,(4) high
5/15/2019,Ad,Mississippi,Product 3,299,3,897,delayed,no,(2) low
5/15/2019,Returning,North Carolina,Product 1,499,5,2495,on-time,yes,(5) very high
5/16/2019,Ad,Florida,Product 5,399,8,3192,on-time,no,(3) ok
5/16/2019,Organic,Florida,Product 2,199,10,1990,on-time,no,(3) ok
5/16/2019,Organic,Alabama,Product 3,299,1,299,delayed,no,(5) very high
5/16/2019,Ad,Alabama,Product 5,399,8,3192,on-time,no,(3) ok
5/17/2019,Ad,Georgia,Product 2,199,9,1791,delayed,no,(3) ok
5/17/2019,Returning,Georgia,Product 3,299,7,2093,delayed,no,(2) low
5/17/2019,Ad,Florida,Product 4,99,9,891,on-time,no,(1) very low
5/17/2019,Ad,Tennessee,Product 2,199,7,1393,on-time,no,(1) very low
5/17/2019,Organic,Alabama,Product 3,299,3,897,on-time,no,(1) very low
5/17/2019,Ad,South Carolina,Product 3,299,9,2691,delayed,yes,(3) ok
5/17/2019,Returning,Mississippi,Product 3,299,5,1495,on-time,no,(1) very low
5/17/2019,Returning,Florida,Product 2,199,10,1990,on-time,no,(3) ok
5/17/2019,Ad,Tennessee,Product 5,399,1,399,delayed,no,(4) high
5/18/2019,Organic,Mississippi,Product 5,399,6,2394,on-time,no,(3) ok
5/18/2019,Returning,Georgia,Product 5,399,10,3990,on-time,yes,(3) ok
5/18/2019,Ad,Florida,Product 5,399,7,2793,on-time,no,(3) ok
5/18/2019,Ad,Tennessee,Product 1,499,2,998,on-time,no,(2) low
5/18/2019,Ad,South Carolina,Product 5,399,6,2394,on-time,no,(3) ok
5/18/2019,Organic,South Carolina,Product 4,99,1,99,on-time,no,(3) ok
5/19/2019,Organic,Florida,Product 2,199,7,1393,delayed,no,(4) high
5/19/2019,Returning,Georgia,Product 3,299,4,1196,on-time,no,(3) ok
5/20/2019,Ad,Tennessee,Product 4,99,8,792,on-time,yes,(4) high
5/21/2019,Organic,Georgia,Product 1,499,8,3992,delayed,no,(2) low
5/21/2019,Returning,North Carolina,Product 1,499,9,4491,on-time,no,(3) ok
5/22/2019,Returning,Tennessee,Product 5,399,6,2394,on-time,yes,(3) ok
5/22/2019,Ad,North Carolina,Product 1,499,2,998,on-time,no,(2) low
5/22/2019,Organic,Georgia,Product 5,399,10,3990,on-time,yes,(3) ok
5/22/2019,Organic,Florida,Product 5,399,2,798,on-time,no,(2) low
5/23/2019,Organic,Mississippi,Product 2,199,8,1592,delayed,no,(3) ok
5/23/2019,Organic,Mississippi,Product 2,199,6,1194,on-time,no,(2) low
5/23/2019,Organic,Mississippi,Product 3,299,7,2093,on-time,no,(4) high
5/24/2019,Organic,North Carolina,Product 2,199,5,995,on-time,yes,(2) low
5/25/2019,Organic,Florida,Product 5,399,8,3192,on-time,no,(4) high
5/25/2019,Returning,Mississippi,Product 2,199,10,1990,on-time,no,(3) ok
5/25/2019,Ad,Florida,Product 4,99,6,594,on-time,no,(5) very high
5/25/2019,Organic,North Carolina,Product 3,299,7,2093,on-time,no,(3) ok
5/25/2019,Returning,South Carolina,Product 4,99,6,594,on-time,no,(1) very low
5/25/2019,Organic,Florida,Product 5,399,3,1197,on-time,yes,(3) ok
5/25/2019,Ad,Georgia,Product 3,299,7,2093,on-time,no,(2) low
5/25/2019,Ad,South Carolina,Product 3,299,7,2093,on-time,no,(4) high
5/25/2019,Ad,Alabama,Product 4,99,1,99,on-time,no,(4) high
5/25/2019,Organic,North Carolina,Product 3,299,3,897,delayed,yes,(3) ok
5/26/2019,Returning,Alabama,Product 1,499,10,4990,on-time,no,(2) low
5/26/2019,Ad,North Carolina,Product 2,199,5,995,delayed,no,(2) low
5/26/2019,Returning,North Carolina,Product 5,399,1,399,on-time,no,(2) low
5/27/2019,Returning,Georgia,Product 5,399,10,3990,delayed,no,(3) ok
5/27/2019,Organic,Tennessee,Product 3,299,3,897,on-time,no,(2) low
5/27/2019,Returning,Georgia,Product 1,499,9,4491,delayed,no,(5) very high
5/27/2019,Returning,Tennessee,Product 2,199,7,1393,on-time,no,(2) low
5/28/2019,Returning,Florida,Product 2,199,3,597,on-time,no,(2) low
5/28/2019,Ad,Mississippi,Product 3,299,6,1794,on-time,no,(4) high
5/28/2019,Returning,Mississippi,Product 4,99,8,792,on-time,no,(3) ok
5/28/2019,Ad,North Carolina,Product 1,499,6,2994,on-time,no,(4) high
5/28/2019,Organic,Georgia,Product 3,299,1,299,on-time,no,(3) ok
5/28/2019,Organic,Alabama,Product 3,299,7,2093,delayed,no,(3) ok
5/28/2019,Organic,South Carolina,Product 2,199,2,398,on-time,no,(2) low
5/28/2019,Ad,Florida,Product 1,499,8,3992,on-time,no,(4) high
5/28/2019,Returning,North Carolina,Product 4,99,3,297,delayed,no,(4) high
5/29/2019,Organic,South Carolina,Product 1,499,5,2495,on-time,no,(3) ok
5/29/2019,Organic,Tennessee,Product 5,399,9,3591,on-time,no,(4) high
5/29/2019,Organic,South Carolina,Product 3,299,3,897,delayed,no,(3) ok
5/29/2019,Organic,Alabama,Product 4,99,8,792,on-time,no,(4) high
5/29/2019,Ad,Tennessee,Product 4,99,10,990,delayed,no,(4) high
5/29/2019,Returning,Florida,Product 2,199,9,1791,on-time,no,(3) ok
5/29/2019,Ad,Alabama,Product 2,199,8,1592,on-time,no,(3) ok
5/29/2019,Returning,Alabama,Product 5,399,5,1995,delayed,no,(3) ok
5/29/2019,Ad,Tennessee,Product 2,199,1,199,on-time,yes,(3) ok
5/29/2019,Organic,North Carolina,Product 5,399,1,399,on-time,yes,(5) very high
5/29/2019,Organic,Mississippi,Product 3,299,4,1196,on-time,no,(1) very low
5/30/2019,Organic,Alabama,Product 1,499,4,1996,delayed,no,(4) high
5/30/2019,Ad,Mississippi,Product 4,99,6,594,on-time,no,(4) high
5/30/2019,Returning,Mississippi,Product 3,299,3,897,on-time,no,(3) ok
5/30/2019,Ad,Georgia,Product 1,499,9,4491,delayed,no,(4) high
5/30/2019,Returning,South Carolina,Product 3,299,2,598,on-time,no,(4) high
5/30/2019,Returning,Tennessee,Product 1,499,5,2495,on-time,yes,(4) high
5/30/2019,Organic,Mississippi,Product 2,199,5,995,delayed,no,(4) high
5/30/2019,Organic,Georgia,Product 2,199,2,398,on-time,no,(2) low
5/30/2019,Organic,South Carolina,Product 5,399,10,3990,on-time,no,(3) ok
5/30/2019,Ad,North Carolina,Product 2,199,7,1393,on-time,no,(3) ok
5/31/2019,Returning,Florida,Product 1,499,6,2994,delayed,no,(2) low
5/31/2019,Ad,Florida,Product 5,399,2,798,on-time,yes,(3) ok
5/31/2019,Ad,Georgia,Product 2,199,6,1194,on-time,no,(3) ok
5/31/2019,Organic,Alabama,Product 4,99,1,99,on-time,no,(3) ok
5/31/2019,Returning,Florida,Product 1,499,5,2495,delayed,no,(5) very high
5/31/2019,Organic,Tennessee,Product 1,499,9,4491,delayed,no,(3) ok
5/31/2019,Organic,South Carolina,Product 1,499,10,4990,on-time,no,(2) low
6/1/2019,Returning,Alabama,Product 1,499,5,2495,delayed,no,(3) ok
6/1/2019,Ad,Florida,Product 2,199,1,199,delayed,no,(5) very high
6/1/2019,Returning,Alabama,Product 4,99,1,99,delayed,no,(3) ok
6/1/2019,Organic,Georgia,Product 5,399,10,3990,delayed,no,(3) ok
6/1/2019,Returning,North Carolina,Product 4,99,10,990,on-time,no,(3) ok
6/1/2019,Organic,Georgia,Product 4,99,2,198,on-time,no,(3) ok
6/2/2019,Returning,Georgia,Product 1,499,8,3992,delayed,no,(2) low
6/2/2019,Organic,Florida,Product 1,499,5,2495,on-time,no,(2) low
6/2/2019,Ad,Florida,Product 2,199,4,796,on-time,yes,(2) low
6/2/2019,Returning,Alabama,Product 2,199,9,1791,on-time,no,(3) ok
6/2/2019,Ad,South Carolina,Product 1,499,8,3992,on-time,yes,(3) ok
6/2/2019,Organic,Alabama,Product 3,299,6,1794,delayed,no,(3) ok
6/2/2019,Organic,Tennessee,Product 1,499,6,2994,on-time,yes,(2) low
6/3/2019,Organic,Alabama,Product 1,499,10,4990,delayed,no,(3) ok
6/4/2019,Returning,Alabama,Product 4,99,2,198,delayed,no,(3) ok
6/4/2019,Returning,Florida,Product 1,499,10,4990,on-time,no,(4) high
6/4/2019,Returning,Alabama,Product 1,499,5,2495,on-time,yes,(4) high
6/4/2019,Organic,South Carolina,Product 2,199,4,796,on-time,no,(2) low
6/4/2019,Ad,North Carolina,Product 5,399,6,2394,on-time,no,(3) ok
6/4/2019,Returning,Tennessee,Product 1,499,6,2994,on-time,no,(5) very high
6/4/2019,Ad,North Carolina,Product 2,199,10,1990,on-time,no,(3) ok
6/4/2019,Ad,South Carolina,Product 5,399,1,399,on-time,no,(3) ok
6/5/2019,Organic,Georgia,Product 5,399,2,798,on-time,no,(3) ok
6/5/2019,Returning,Alabama,Product 3,299,5,1495,on-time,no,(2) low
6/5/2019,Ad,Georgia,Product 4,99,1,99,on-time,no,(1) very low
6/5/2019,Returning,North Carolina,Product 5,399,8,3192,on-time,no,(2) low
6/6/2019,Returning,South Carolina,Product 4,99,7,693,on-time,no,(3) ok
6/6/2019,Organic,Florida,Product 2,199,4,796,on-time,no,(5) very high
6/6/2019,Returning,Mississippi,Product 2,199,6,1194,on-time,no,(3) ok
6/6/2019,Organic,Florida,Product 2,199,7,1393,on-time,no,(3) ok
6/6/2019,Organic,South Carolina,Product 2,199,2,398,on-time,no,(4) high
6/6/2019,Organic,Florida,Product 3,299,3,897,on-time,no,(4) high
6/7/2019,Organic,Alabama,Product 2,199,4,796,on-time,no,(3) ok
6/7/2019,Returning,Alabama,Product 5,399,4,1596,delayed,no,(3) ok
6/7/2019,Organic,North Carolina,Product 4,99,4,396,on-time,yes,(4) high
6/7/2019,Returning,South Carolina,Product 1,499,1,499,on-time,no,(2) low
6/8/2019,Organic,Tennessee,Product 3,299,5,1495,on-time,no,(3) ok
6/9/2019,Organic,Georgia,Product 2,199,10,1990,delayed,no,(4) high
6/9/2019,Organic,Georgia,Product 5,399,3,1197,delayed,yes,(2) low
6/10/2019,Ad,North Carolina,Product 1,499,8,3992,delayed,no,(3) ok
6/11/2019,Organic,South Carolina,Product 2,199,8,1592,delayed,yes,(1) very low
6/11/2019,Returning,Florida,Product 5,399,4,1596,on-time,no,(4) high
6/12/2019,Ad,Tennessee,Product 1,499,9,4491,on-time,no,(2) low
6/13/2019,Ad,Tennessee,Product 5,399,1,399,on-time,yes,(2) low
6/13/2019,Ad,Tennessee,Product 2,199,1,199,on-time,no,(3) ok
6/13/2019,Ad,South Carolina,Product 2,199,4,796,on-time,no,(5) very high
6/13/2019,Organic,North Carolina,Product 1,499,10,4990,delayed,no,(3) ok
6/13/2019,Ad,South Carolina,Product 5,399,1,399,delayed,no,(5) very high
6/13/2019,Organic,Tennessee,Product 5,399,4,1596,on-time,no,(3) ok
6/13/2019,Returning,Tennessee,Product 1,499,10,4990,on-time,yes,(4) high
6/14/2019,Returning,Florida,Product 1,499,4,1996,on-time,no,(2) low
6/14/2019,Returning,Florida,Product 4,99,6,594,on-time,no,(1) very low
6/14/2019,Returning,South Carolina,Product 4,99,5,495,on-time,no,(1) very low
6/14/2019,Returning,Tennessee,Product 3,299,1,299,on-time,no,(4) high
6/14/2019,Returning,Georgia,Product 1,499,2,998,delayed,no,(2) low
6/14/2019,Returning,South Carolina,Product 1,499,5,2495,delayed,no,(5) very high
6/14/2019,Organic,Alabama,Product 2,199,5,995,delayed,no,(2) low
6/14/2019,Returning,North Carolina,Product 3,299,6,1794,on-time,no,(3) ok
6/14/2019,Returning,Tennessee,Product 5,399,3,1197,on-time,no,(4) high
6/15/2019,Organic,North Carolina,Product 1,499,7,3493,on-time,no,(2) low
6/15/2019,Returning,Georgia,Product 1,499,1,499,on-time,no,(1) very low
6/15/2019,Ad,South Carolina,Product 2,199,3,597,on-time,no,(5) very high
6/16/2019,Organic,Tennessee,Product 5,399,5,1995,on-time,no,(3) ok
6/17/2019,Ad,Georgia,Product 4,99,2,198,on-time,no,(2) low
6/17/2019,Organic,Georgia,Product 4,99,3,297,on-time,no,(2) low
6/17/2019,Ad,Tennessee,Product 3,299,3,897,on-time,no,(1) very low
6/17/2019,Returning,Florida,Product 1,499,7,3493,on-time,no,(3) ok
6/18/2019,Ad,Georgia,Product 1,499,8,3992,on-time,no,(3) ok
6/18/2019,Ad,Georgia,Product 4,99,10,990,on-time,no,(2) low
6/18/2019,Ad,Florida,Product 4,99,3,297,on-time,no,(2) low
6/19/2019,Organic,Georgia,Product 1,499,9,4491,delayed,no,(3) ok
6/19/2019,Organic,Mississippi,Product 1,499,5,2495,on-time,no,(3) ok
6/19/2019,Returning,Tennessee,Product 3,299,2,598,on-time,no,(3) ok
6/20/2019,Organic,Georgia,Product 3,299,4,1196,on-time,no,(4) high
6/20/2019,Returning,Georgia,Product 3,299,9,2691,delayed,yes,(2) low
6/20/2019,Organic,Alabama,Product 1,499,2,998,on-time,no,(5) very high
6/20/2019,Ad,Alabama,Product 5,399,6,2394,on-time,no,(2) low
6/20/2019,Returning,Alabama,Product 1,499,4,1996,delayed,no,(3) ok
6/20/2019,Ad,Georgia,Product 5,399,8,3192,on-time,no,(4) high
6/20/2019,Organic,North Carolina,Product 4,99,7,693,on-time,yes,(4) high
6/20/2019,Organic,North Carolina,Product 5,399,3,1197,delayed,no,(2) low
6/21/2019,Ad,Tennessee,Product 3,299,2,598,on-time,no,(2) low
6/22/2019,Organic,South Carolina,Product 3,299,2,598,on-time,no,(3) ok
6/22/2019,Ad,North Carolina,Product 1,499,10,4990,on-time,no,(5) very high
6/22/2019,Returning,South Carolina,Product 4,99,1,99,on-time,no,(4) high
6/22/2019,Organic,Tennessee,Product 5,399,7,2793,on-time,no,(2) low
6/22/2019,Organic,South Carolina,Product 2,199,3,597,on-time,no,(3) ok
6/22/2019,Organic,South Carolina,Product 3,299,10,2990,on-time,no,(3) ok
6/22/2019,Ad,Alabama,Product 1,499,9,4491,on-time,no,(3) ok
6/22/2019,Ad,Georgia,Product 5,399,8,3192,on-time,no,(2) low
6/22/2019,Returning,Georgia,Product 3,299,9,2691,on-time,no,(3) ok
6/22/2019,Ad,North Carolina,Product 4,99,5,495,delayed,no,(3) ok
6/22/2019,Returning,Alabama,Product 2,199,6,1194,on-time,no,(5) very high
6/22/2019,Returning,North Carolina,Product 1,499,5,2495,delayed,no,(2) low
6/22/2019,Ad,North Carolina,Product 5,399,8,3192,delayed,no,(3) ok
6/23/2019,Returning,Alabama,Product 4,99,6,594,on-time,no,(4) high
6/23/2019,Returning,North Carolina,Product 3,299,2,598,on-time,no,(2) low
6/23/2019,Ad,Alabama,Product 5,399,7,2793,on-time,no,(3) ok
6/23/2019,Ad,North Carolina,Product 4,99,10,990,delayed,no,(3) ok
6/23/2019,Ad,Mississippi,Product 5,399,10,3990,delayed,no,(1) very low
6/24/2019,Organic,Tennessee,Product 2,199,6,1194,on-time,no,(2) low
6/24/2019,Organic,Georgia,Product 5,399,2,798,on-time,no,(3) ok
6/24/2019,Returning,North Carolina,Product 4,99,5,495,on-time,no,(3) ok
6/25/2019,Returning,North Carolina,Product 5,399,8,3192,delayed,no,(4) high
6/25/2019,Returning,Georgia,Product 1,499,6,2994,on-time,no,(1) very low
6/25/2019,Ad,Georgia,Product 5,399,9,3591,on-time,no,(4) high
6/25/2019,Organic,Tennessee,Product 1,499,10,4990,on-time,no,(3) ok
6/25/2019,Returning,Florida,Product 1,499,8,3992,on-time,yes,(3) ok
6/25/2019,Ad,South Carolina,Product 4,99,2,198,on-time,no,(2) low
6/25/2019,Ad,North Carolina,Product 5,399,8,3192,on-time,no,(3) ok
6/25/2019,Ad,Florida,Product 5,399,6,2394,on-time,no,(3) ok
6/25/2019,Ad,Georgia,Product 1,499,9,4491,delayed,no,(4) high
6/25/2019,Ad,Georgia,Product 2,199,2,398,delayed,yes,(3) ok
6/25/2019,Ad,North Carolina,Product 5,399,8,3192,on-time,no,(4) high
6/25/2019,Returning,Alabama,Product 2,199,1,199,on-time,no,(3) ok
6/25/2019,Returning,Tennessee,Product 2,199,10,1990,on-time,no,(4) high
6/26/2019,Ad,North Carolina,Product 5,399,6,2394,on-time,no,(1) very low
6/26/2019,Returning,South Carolina,Product 1,499,8,3992,on-time,no,(3) ok
6/26/2019,Organic,Mississippi,Product 1,499,4,1996,delayed,no,(5) very high
6/27/2019,Ad,Florida,Product 4,99,10,990,on-time,no,(2) low
6/27/2019,Ad,Georgia,Product 2,199,3,597,on-time,no,(3) ok
6/27/2019,Returning,North Carolina,Product 2,199,6,1194,on-time,no,(2) low
6/27/2019,Ad,Florida,Product 2,199,4,796,delayed,no,(3) ok
6/27/2019,Returning,Alabama,Product 1,499,9,4491,on-time,no,(3) ok
6/27/2019,Ad,Florida,Product 5,399,2,798,on-time,no,(2) low
6/27/2019,Ad,Georgia,Product 4,99,3,297,delayed,no,(3) ok
6/27/2019,Returning,Georgia,Product 1,499,1,499,on-time,no,(4) high
6/27/2019,Ad,Mississippi,Product 4,99,5,495,delayed,no,(1) very low
6/27/2019,Ad,Tennessee,Product 3,299,2,598,on-time,yes,(4) high
6/27/2019,Returning,Florida,Product 2,199,6,1194,on-time,no,(4) high
6/27/2019,Ad,Alabama,Product 3,299,4,1196,on-time,no,(1) very low
6/27/2019,Returning,Tennessee,Product 3,299,8,2392,delayed,no,(3) ok
6/27/2019,Returning,South Carolina,Product 1,499,1,499,on-time,no,(3) ok
6/27/2019,Organic,Alabama,Product 1,499,5,2495,delayed,no,(4) high
6/27/2019,Ad,Tennessee,Product 3,299,1,299,on-time,no,(4) high
6/27/2019,Returning,Florida,Product 3,299,6,1794,on-time,no,(5) very high
6/28/2019,Returning,Florida,Product 5,399,10,3990,delayed,no,(2) low
6/28/2019,Organic,Tennessee,Product 1,499,10,4990,on-time,no,(3) ok
6/28/2019,Returning,North Carolina,Product 1,499,1,499,on-time,no,(3) ok
6/29/2019,Returning,South Carolina,Product 5,399,9,3591,on-time,no,(2) low
6/29/2019,Returning,Tennessee,Product 5,399,7,2793,on-time,no,(4) high
6/29/2019,Ad,North Carolina,Product 3,299,8,2392,on-time,no,(4) high
6/29/2019,Organic,Mississippi,Product 3,299,4,1196,on-time,yes,(3) ok
6/29/2019,Ad,North Carolina,Product 3,299,5,1495,delayed,no,(3) ok
6/29/2019,Returning,Georgia,Product 1,499,1,499,on-time,yes,(2) low
6/30/2019,Returning,Mississippi,Product 1,499,10,4990,delayed,no,(1) very low
6/30/2019,Ad,Tennessee,Product 2,199,9,1791,on-time,no,(3) ok
6/30/2019,Returning,Mississippi,Product 2,199,4,796,delayed,no,(3) ok
7/1/2019,Returning,Mississippi,Product 2,199,2,398,on-time,no,(4) high
7/1/2019,Returning,North Carolina,Product 1,499,4,1996,on-time,no,(3) ok
7/1/2019,Organic,Florida,Product 1,499,5,2495,delayed,no,(1) very low
7/1/2019,Organic,Georgia,Product 4,99,5,495,delayed,no,(4) high
7/1/2019,Organic,South Carolina,Product 5,399,7,2793,delayed,no,(4) high
7/2/2019,Returning,South Carolina,Product 2,199,9,1791,on-time,no,(1) very low
7/2/2019,Ad,Mississippi,Product 3,299,10,2990,on-time,no,(2) low
7/2/2019,Ad,South Carolina,Product 2,199,7,1393,on-time,yes,(3) ok
7/2/2019,Returning,Tennessee,Product 4,99,8,792,on-time,yes,(1) very low
7/2/2019,Ad,North Carolina,Product 1,499,5,2495,on-time,yes,(4) high
7/2/2019,Returning,Georgia,Product 4,99,5,495,delayed,no,(4) high
7/2/2019,Ad,Tennessee,Product 3,299,9,2691,on-time,no,(3) ok
7/2/2019,Ad,South Carolina,Product 5,399,1,399,delayed,yes,(4) high
7/2/2019,Organic,North Carolina,Product 2,199,10,1990,on-time,no,(2) low
7/2/2019,Ad,Florida,Product 5,399,7,2793,delayed,yes,(1) very low
7/3/2019,Organic,South Carolina,Product 5,399,10,3990,on-time,no,(3) ok
7/4/2019,Organic,Georgia,Product 2,199,7,1393,on-time,no,(3) ok
7/4/2019,Organic,North Carolina,Product 5,399,4,1596,on-time,no,(5) very high
7/5/2019,Ad,Georgia,Product 4,99,7,693,on-time,yes,(3) ok
7/6/2019,Organic,Florida,Product 1,499,9,4491,delayed,no,(5) very high
7/6/2019,Ad,Mississippi,Product 2,199,5,995,delayed,no,(3) ok
7/6/2019,Organic,Alabama,Product 1,499,5,2495,on-time,yes,(3) ok
7/6/2019,Ad,Georgia,Product 3,299,2,598,delayed,no,(4) high
7/6/2019,Organic,South Carolina,Product 3,299,5,1495,on-time,no,(3) ok
7/6/2019,Organic,Georgia,Product 3,299,3,897,delayed,no,(4) high
7/6/2019,Ad,Georgia,Product 4,99,3,297,on-time,no,(1) very low
7/6/2019,Ad,Mississippi,Product 1,499,3,1497,on-time,no,(2) low
7/6/2019,Organic,South Carolina,Product 4,99,7,693,on-time,no,(3) ok
7/6/2019,Returning,Georgia,Product 1,499,1,499,on-time,no,(3) ok
7/7/2019,Ad,North Carolina,Product 1,499,7,3493,delayed,no,(3) ok
7/7/2019,Returning,North Carolina,Product 5,399,8,3192,on-time,no,(2) low
7/7/2019,Returning,Alabama,Product 2,199,4,796,on-time,no,(3) ok
7/7/2019,Returning,Florida,Product 2,199,8,1592,on-time,no,(4) high
7/7/2019,Returning,Georgia,Product 5,399,5,1995,on-time,no,(4) high
7/7/2019,Ad,South Carolina,Product 3,299,6,1794,on-time,no,(3) ok
7/7/2019,Returning,Florida,Product 3,299,6,1794,on-time,no,(2) low
7/8/2019,Ad,Tennessee,Product 5,399,2,798,on-time,no,(3) ok
7/8/2019,Returning,Tennessee,Product 2,199,7,1393,delayed,no,(4) high
7/8/2019,Ad,North Carolina,Product 1,499,7,3493,on-time,no,(2) low
7/8/2019,Organic,South Carolina,Product 3,299,1,299,on-time,no,(3) ok
7/8/2019,Returning,Florida,Product 5,399,3,1197,on-time,no,(2) low
7/8/2019,Returning,North Carolina,Product 3,299,2,598,delayed,no,(4) high
7/9/2019,Ad,Georgia,Product 4,99,9,891,on-time,no,(1) very low
7/9/2019,Ad,South Carolina,Product 1,499,9,4491,delayed,no,(3) ok
7/9/2019,Ad,Florida,Product 4,99,1,99,on-time,no,(1) very low
7/9/2019,Ad,Mississippi,Product 2,199,9,1791,on-time,no,(3) ok
7/9/2019,Organic,Tennessee,Product 3,299,1,299,on-time,no,(3) ok
7/9/2019,Returning,Mississippi,Product 2,199,8,1592,on-time,no,(4) high
7/9/2019,Organic,Florida,Product 5,399,3,1197,delayed,no,(4) high
7/9/2019,Organic,Mississippi,Product 4,99,8,792,on-time,no,(1) very low
7/9/2019,Ad,Mississippi,Product 2,199,3,597,delayed,no,(3) ok
7/9/2019,Ad,North Carolina,Product 2,199,7,1393,on-time,no,(4) high
7/9/2019,Returning,North Carolina,Product 4,99,9,891,on-time,no,(3) ok
7/10/2019,Ad,Tennessee,Product 5,399,6,2394,delayed,no,(1) very low
7/10/2019,Returning,Georgia,Product 1,499,3,1497,on-time,no,(3) ok
7/10/2019,Ad,Alabama,Product 1,499,6,2994,on-time,no,(2) low
7/11/2019,Returning,Florida,Product 2,199,9,1791,delayed,yes,(2) low
7/11/2019,Ad,North Carolina,Product 1,499,3,1497,on-time,no,(1) very low
7/11/2019,Ad,Mississippi,Product 2,199,2,398,on-time,no,(2) low
7/11/2019,Returning,Florida,Product 4,99,4,396,on-time,no,(1) very low
7/11/2019,Returning,South Carolina,Product 3,299,1,299,delayed,no,(4) high
7/11/2019,Organic,Florida,Product 5,399,9,3591,on-time,no,(3) ok
7/11/2019,Returning,North Carolina,Product 3,299,7,2093,on-time,no,(3) ok
7/11/2019,Returning,Georgia,Product 5,399,9,3591,on-time,yes,(1) very low
7/11/2019,Returning,South Carolina,Product 2,199,3,597,delayed,no,(2) low
7/11/2019,Organic,Mississippi,Product 3,299,1,299,on-time,no,(4) high
7/11/2019,Returning,Florida,Product 1,499,7,3493,on-time,no,(2) low
7/11/2019,Returning,South Carolina,Product 2,199,2,398,delayed,no,(3) ok
7/11/2019,Returning,Georgia,Product 1,499,7,3493,on-time,no,(4) high
7/11/2019,Returning,Florida,Product 1,499,1,499,on-time,no,(3) ok
7/11/2019,Organic,North Carolina,Product 5,399,3,1197,on-time,no,(3) ok
7/11/2019,Organic,Tennessee,Product 2,199,10,1990,delayed,no,(3) ok
7/11/2019,Ad,Alabama,Product 3,299,9,2691,delayed,no,(4) high
7/11/2019,Organic,Alabama,Product 3,299,5,1495,on-time,no,(4) high
7/11/2019,Returning,Georgia,Product 5,399,2,798,delayed,no,(4) high
7/11/2019,Returning,Tennessee,Product 3,299,3,897,on-time,no,(3) ok
7/12/2019,Returning,Mississippi,Product 4,99,10,990,on-time,no,(4) high
7/12/2019,Ad,North Carolina,Product 5,399,4,1596,on-time,no,(3) ok
7/12/2019,Ad,Tennessee,Product 2,199,5,995,delayed,no,(2) low
7/13/2019,Ad,Mississippi,Product 3,299,10,2990,on-time,no,(5) very high
7/14/2019,Returning,Florida,Product 4,99,9,891,on-time,no,(3) ok
7/14/2019,Returning,South Carolina,Product 2,199,6,1194,on-time,no,(1) very low
7/14/2019,Returning,South Carolina,Product 1,499,9,4491,on-time,no,(2) low
7/15/2019,Returning,Mississippi,Product 2,199,10,1990,on-time,no,(4) high
7/15/2019,Returning,North Carolina,Product 4,99,4,396,on-time,yes,(5) very high
7/15/2019,Ad,Georgia,Product 4,99,2,198,on-time,no,(4) high
7/16/2019,Returning,Georgia,Product 1,499,5,2495,on-time,no,(3) ok
7/16/2019,Organic,South Carolina,Product 2,199,3,597,on-time,no,(3) ok
7/16/2019,Ad,Mississippi,Product 3,299,5,1495,on-time,yes,(5) very high
7/16/2019,Organic,South Carolina,Product 1,499,8,3992,delayed,no,(1) very low
7/17/2019,Organic,Tennessee,Product 4,99,1,99,on-time,no,(3) ok
7/17/2019,Ad,Florida,Product 3,299,6,1794,delayed,no,(3) ok
7/17/2019,Organic,Mississippi,Product 2,199,10,1990,on-time,no,(4) high
7/17/2019,Returning,Alabama,Product 3,299,6,1794,on-time,yes,(3) ok
7/18/2019,Ad,North Carolina,Product 4,99,6,594,on-time,no,(4) high
7/18/2019,Organic,Florida,Product 3,299,10,2990,on-time,no,(3) ok
7/18/2019,Organic,Florida,Product 5,399,10,3990,delayed,no,(2) low
7/18/2019,Returning,Mississippi,Product 1,499,3,1497,on-time,no,(4) high
7/18/2019,Returning,Mississippi,Product 1,499,9,4491,on-time,no,(3) ok
7/18/2019,Returning,South Carolina,Product 4,99,3,297,delayed,no,(1) very low
7/18/2019,Ad,Mississippi,Product 3,299,2,598,on-time,yes,(3) ok
7/18/2019,Ad,Mississippi,Product 4,99,9,891,on-time,no,(1) very low
7/18/2019,Ad,North Carolina,Product 1,499,9,4491,delayed,no,(3) ok
7/18/2019,Ad,Florida,Product 1,499,4,1996,delayed,no,(2) low
7/19/2019,Returning,South Carolina,Product 2,199,6,1194,on-time,no,(4) high
7/19/2019,Returning,Georgia,Product 3,299,3,897,delayed,no,(4) high
7/19/2019,Returning,North Carolina,Product 3,299,6,1794,on-time,no,(4) high
7/20/2019,Organic,Mississippi,Product 4,99,3,297,delayed,no,(4) high
7/20/2019,Organic,South Carolina,Product 1,499,10,4990,delayed,yes,(1) very low
7/20/2019,Ad,Tennessee,Product 3,299,4,1196,on-time,yes,(3) ok
7/20/2019,Ad,Tennessee,Product 3,299,9,2691,on-time,no,(3) ok
7/21/2019,Ad,Alabama,Product 2,199,8,1592,on-time,yes,(5) very high
7/22/2019,Organic,Alabama,Product 5,399,5,1995,on-time,no,(3) ok
7/22/2019,Organic,Mississippi,Product 4,99,1,99,on-time,no,(5) very high
7/22/2019,Organic,Alabama,Product 2,199,6,1194,on-time,no,(2) low
7/22/2019,Returning,North Carolina,Product 2,199,9,1791,on-time,no,(3) ok
7/22/2019,Ad,Mississippi,Product 5,399,9,3591,on-time,yes,(4) high
7/22/2019,Organic,Georgia,Product 1,499,3,1497,on-time,no,(2) low
7/22/2019,Ad,South Carolina,Product 3,299,6,1794,on-time,no,(2) low
7/22/2019,Returning,Georgia,Product 3,299,4,1196,delayed,no,(4) high
7/22/2019,Returning,North Carolina,Product 5,399,1,399,on-time,no,(2) low
7/23/2019,Returning,Tennessee,Product 5,399,9,3591,delayed,no,(1) very low
7/24/2019,Ad,Alabama,Product 3,299,10,2990,delayed,no,(3) ok
7/25/2019,Returning,Tennessee,Product 1,499,3,1497,delayed,no,(1) very low
7/25/2019,Organic,Florida,Product 2,199,10,1990,on-time,no,(2) low
7/26/2019,Returning,Mississippi,Product 5,399,8,3192,delayed,no,(3) ok
7/26/2019,Returning,Mississippi,Product 1,499,5,2495,on-time,no,(3) ok
7/26/2019,Returning,Georgia,Product 5,399,5,1995,on-time,no,(2) low
7/26/2019,Ad,North Carolina,Product 4,99,6,594,on-time,no,(3) ok
7/27/2019,Ad,South Carolina,Product 2,199,10,1990,on-time,yes,(3) ok
7/27/2019,Organic,North Carolina,Product 3,299,10,2990,on-time,no,(2) low
7/27/2019,Ad,Alabama,Product 1,499,9,4491,on-time,no,(2) low
7/27/2019,Organic,South Carolina,Product 3,299,7,2093,on-time,no,(3) ok
7/27/2019,Returning,Florida,Product 1,499,2,998,on-time,yes,(3) ok
7/27/2019,Returning,Mississippi,Product 3,299,6,1794,on-time,no,(3) ok
7/27/2019,Returning,Mississippi,Product 4,99,3,297,on-time,no,(5) very high
7/27/2019,Organic,Tennessee,Product 3,299,2,598,on-time,yes,(2) low
7/27/2019,Ad,Alabama,Product 2,199,6,1194,on-time,yes,(3) ok
7/27/2019,Returning,Tennessee,Product 3,299,10,2990,on-time,no,(3) ok
7/27/2019,Returning,Georgia,Product 4,99,8,792,on-time,no,(3) ok
7/27/2019,Organic,South Carolina,Product 4,99,10,990,on-time,no,(3) ok
7/27/2019,Ad,Tennessee,Product 5,399,9,3591,on-time,no,(3) ok
7/27/2019,Organic,Alabama,Product 1,499,3,1497,on-time,no,(5) very high
7/27/2019,Returning,Georgia,Product 1,499,1,499,on-time,no,(5) very high
7/27/2019,Organic,Georgia,Product 3,299,2,598,on-time,no,(1) very low
7/27/2019,Organic,Mississippi,Product 5,399,10,3990,delayed,yes,(4) high
7/27/2019,Organic,Florida,Product 4,99,2,198,delayed,no,(3) ok
7/27/2019,Returning,Florida,Product 1,499,2,998,delayed,no,(2) low
7/27/2019,Returning,Tennessee,Product 3,299,4,1196,on-time,no,(5) very high
7/27/2019,Returning,Florida,Product 3,299,9,2691,on-time,no,(4) high
7/27/2019,Returning,North Carolina,Product 1,499,8,3992,on-time,no,(1) very low
7/28/2019,Returning,Tennessee,Product 3,299,1,299,delayed,no,(4) high
7/29/2019,Returning,North Carolina,Product 5,399,8,3192,delayed,no,(4) high
7/29/2019,Ad,Florida,Product 4,99,4,396,on-time,no,(4) high
7/29/2019,Ad,North Carolina,Product 3,299,9,2691,delayed,no,(4) high
7/29/2019,Returning,Alabama,Product 3,299,6,1794,on-time,no,(3) ok
7/29/2019,Organic,North Carolina,Product 4,99,1,99,on-time,yes,(1) very low
7/30/2019,Organic,Florida,Product 2,199,5,995,on-time,no,(3) ok
7/30/2019,Returning,Florida,Product 5,399,4,1596,on-time,no,(5) very high
7/30/2019,Returning,Alabama,Product 1,499,6,2994,delayed,no,(3) ok
7/30/2019,Ad,Georgia,Product 5,399,2,798,on-time,no,(2) low
7/30/2019,Organic,North Carolina,Product 3,299,1,299,delayed,no,(3) ok
7/30/2019,Ad,South Carolina,Product 1,499,2,998,delayed,no,(3) ok
7/30/2019,Returning,Georgia,Product 2,199,10,1990,delayed,no,(3) ok
7/30/2019,Ad,Alabama,Product 4,99,2,198,on-time,no,(4) high
7/30/2019,Returning,Florida,Product 2,199,1,199,on-time,no,(5) very high
7/30/2019,Ad,Florida,Product 2,199,3,597,delayed,no,(3) ok
7/31/2019,Ad,Florida,Product 1,499,8,3992,delayed,no,(3) ok
7/31/2019,Returning,South Carolina,Product 5,399,8,3192,delayed,no,(1) very low
7/31/2019,Ad,South Carolina,Product 5,399,4,1596,delayed,no,(3) ok
7/31/2019,Organic,Georgia,Product 4,99,5,495,delayed,no,(3) ok
7/31/2019,Returning,South Carolina,Product 3,299,8,2392,on-time,yes,(3) ok
7/31/2019,Returning,South Carolina,Product 5,399,1,399,delayed,no,(3) ok
7/31/2019,Returning,South Carolina,Product 1,499,9,4491,on-time,no,(3) ok
7/31/2019,Returning,South Carolina,Product 1,499,7,3493,delayed,no,(5) very high
7/31/2019,Organic,Florida,Product 4,99,9,891,delayed,no,(4) high
7/31/2019,Returning,North Carolina,Product 2,199,8,1592,on-time,no,(1) very low
8/1/2019,Organic,Georgia,Product 1,499,4,1996,on-time,no,(3) ok
8/1/2019,Returning,Tennessee,Product 3,299,9,2691,on-time,yes,(3) ok
8/1/2019,Returning,Florida,Product 4,99,1,99,on-time,no,(4) high
8/1/2019,Returning,Alabama,Product 2,199,10,1990,on-time,no,(3) ok
8/1/2019,Returning,Alabama,Product 4,99,10,990,delayed,no,(2) low
8/1/2019,Organic,Florida,Product 1,499,10,4990,on-time,no,(3) ok
8/2/2019,Organic,Florida,Product 2,199,3,597,on-time,no,(1) very low
8/2/2019,Ad,North Carolina,Product 5,399,4,1596,on-time,no,(4) high
8/2/2019,Returning,North Carolina,Product 1,499,5,2495,on-time,no,(3) ok
8/3/2019,Ad,Florida,Product 5,399,8,3192,on-time,no,(3) ok
8/3/2019,Ad,Alabama,Product 5,399,3,1197,delayed,no,(4) high
8/4/2019,Ad,Alabama,Product 2,199,1,199,on-time,no,(3) ok
8/5/2019,Returning,Florida,Product 2,199,8,1592,delayed,no,(3) ok
8/5/2019,Returning,South Carolina,Product 5,399,3,1197,delayed,no,(4) high
8/5/2019,Returning,Mississippi,Product 1,499,1,499,on-time,no,(4) high
8/5/2019,Returning,Alabama,Product 3,299,9,2691,delayed,no,(3) ok
8/5/2019,Ad,South Carolina,Product 3,299,8,2392,delayed,yes,(2) low
8/5/2019,Ad,South Carolina,Product 1,499,4,1996,delayed,no,(5) very high
8/5/2019,Returning,Alabama,Product 2,199,6,1194,delayed,no,(3) ok
8/5/2019,Organic,Florida,Product 2,199,7,1393,on-time,no,(3) ok
8/5/2019,Returning,North Carolina,Product 3,299,5,1495,delayed,no,(3) ok
8/5/2019,Returning,South Carolina,Product 3,299,10,2990,on-time,no,(3) ok
8/6/2019,Organic,Tennessee,Product 2,199,7,1393,on-time,no,(2) low
8/6/2019,Ad,Florida,Product 4,99,5,495,on-time,no,(3) ok
8/7/2019,Ad,South Carolina,Product 2,199,7,1393,delayed,no,(2) low
8/7/2019,Ad,Tennessee,Product 2,199,9,1791,on-time,no,(4) high
8/7/2019,Returning,Alabama,Product 2,199,3,597,on-time,no,(3) ok
8/7/2019,Organic,North Carolina,Product 1,499,1,499,on-time,no,(2) low
8/7/2019,Ad,North Carolina,Product 1,499,4,1996,on-time,no,(3) ok
8/8/2019,Returning,Tennessee,Product 2,199,2,398,on-time,no,(3) ok
8/9/2019,Returning,Georgia,Product 1,499,2,998,on-time,no,(3) ok
8/9/2019,Ad,Florida,Product 3,299,5,1495,on-time,no,(3) ok
8/9/2019,Ad,South Carolina,Product 5,399,4,1596,on-time,no,(3) ok
8/9/2019,Organic,Florida,Product 4,99,6,594,delayed,no,(4) high
8/9/2019,Organic,Mississippi,Product 1,499,5,2495,on-time,no,(3) ok
8/9/2019,Returning,North Carolina,Product 3,299,5,1495,on-time,no,(3) ok
8/10/2019,Returning,Florida,Product 4,99,6,594,on-time,no,(3) ok
8/10/2019,Returning,South Carolina,Product 3,299,2,598,on-time,yes,(2) low
8/10/2019,Ad,Mississippi,Product 5,399,10,3990,on-time,no,(1) very low
8/10/2019,Returning,Mississippi,Product 3,299,1,299,on-time,no,(3) ok
8/10/2019,Returning,Florida,Product 3,299,1,299,on-time,no,(2) low
8/10/2019,Organic,North Carolina,Product 4,99,8,792,on-time,no,(3) ok
8/10/2019,Organic,North Carolina,Product 5,399,6,2394,on-time,no,(2) low
8/10/2019,Returning,Tennessee,Product 2,199,1,199,on-time,no,(5) very high
8/10/2019,Ad,South Carolina,Product 2,199,6,1194,on-time,no,(2) low
8/10/2019,Organic,Tennessee,Product 2,199,3,597,on-time,no,(4) high
8/11/2019,Returning,Tennessee,Product 5,399,2,798,on-time,no,(2) low
8/11/2019,Organic,Alabama,Product 2,199,6,1194,on-time,no,(1) very low
8/11/2019,Returning,Tennessee,Product 2,199,1,199,on-time,no,(4) high
8/11/2019,Ad,North Carolina,Product 2,199,6,1194,delayed,no,(4) high
8/11/2019,Returning,Mississippi,Product 1,499,8,3992,on-time,no,(3) ok
8/11/2019,Returning,Florida,Product 1,499,3,1497,on-time,no,(4) high
8/11/2019,Organic,Mississippi,Product 2,199,4,796,on-time,no,(3) ok
8/11/2019,Organic,Florida,Product 5,399,7,2793,delayed,no,(5) very high
8/11/2019,Organic,South Carolina,Product 2,199,2,398,delayed,no,(3) ok
8/11/2019,Returning,Mississippi,Product 5,399,2,798,on-time,no,(1) very low
8/11/2019,Returning,Florida,Product 3,299,6,1794,on-time,no,(4) high
8/12/2019,Organic,South Carolina,Product 1,499,4,1996,on-time,no,(3) ok
8/12/2019,Organic,North Carolina,Product 5,399,3,1197,on-time,yes,(2) low
8/12/2019,Ad,Tennessee,Product 5,399,2,798,delayed,no,(5) very high
8/12/2019,Organic,South Carolina,Product 1,499,4,1996,on-time,no,(2) low
8/13/2019,Returning,South Carolina,Product 5,399,6,2394,on-time,no,(2) low
8/14/2019,Ad,Georgia,Product 3,299,1,299,on-time,no,(3) ok
8/14/2019,Ad,South Carolina,Product 5,399,2,798,delayed,no,(2) low
8/14/2019,Returning,Alabama,Product 4,99,9,891,on-time,no,(5) very high
8/14/2019,Organic,Alabama,Product 1,499,3,1497,on-time,no,(3) ok
8/14/2019,Returning,Florida,Product 2,199,4,796,delayed,yes,(4) high
8/14/2019,Organic,Alabama,Product 1,499,1,499,on-time,no,(2) low
8/14/2019,Organic,South Carolina,Product 3,299,8,2392,delayed,no,(3) ok
8/14/2019,Ad,Florida,Product 1,499,4,1996,on-time,no,(3) ok
8/14/2019,Organic,Florida,Product 3,299,2,598,delayed,no,(5) very high
8/14/2019,Organic,Florida,Product 2,199,8,1592,on-time,no,(2) low
8/14/2019,Ad,Tennessee,Product 4,99,2,198,on-time,no,(4) high
8/15/2019,Organic,Georgia,Product 4,99,7,693,delayed,yes,(1) very low
8/15/2019,Organic,Tennessee,Product 5,399,4,1596,delayed,no,(3) ok
8/15/2019,Returning,North Carolina,Product 4,99,2,198,delayed,no,(1) very low
8/15/2019,Organic,North Carolina,Product 1,499,9,4491,delayed,no,(5) very high
8/15/2019,Ad,South Carolina,Product 5,399,2,798,on-time,no,(3) ok
8/16/2019,Ad,North Carolina,Product 4,99,8,792,on-time,no,(3) ok
8/16/2019,Organic,Alabama,Product 2,199,3,597,delayed,no,(1) very low
8/16/2019,Organic,Florida,Product 5,399,8,3192,on-time,no,(3) ok
8/16/2019,Returning,Mississippi,Product 1,499,8,3992,on-time,no,(2) low
8/16/2019,Returning,Mississippi,Product 4,99,5,495,on-time,no,(3) ok
8/16/2019,Ad,Florida,Product 2,199,8,1592,on-time,no,(3) ok
8/16/2019,Ad,South Carolina,Product 1,499,8,3992,on-time,no,(4) high
8/17/2019,Returning,North Carolina,Product 4,99,4,396,on-time,no,(5) very high
8/17/2019,Ad,North Carolina,Product 2,199,2,398,delayed,yes,(1) very low
8/17/2019,Returning,North Carolina,Product 3,299,9,2691,on-time,no,(2) low
8/17/2019,Ad,Georgia,Product 4,99,9,891,on-time,no,(3) ok
8/17/2019,Returning,Alabama,Product 2,199,9,1791,on-time,no,(4) high
8/17/2019,Returning,South Carolina,Product 1,499,9,4491,on-time,no,(4) high
8/17/2019,Organic,Alabama,Product 5,399,2,798,on-time,no,(2) low
8/17/2019,Organic,Tennessee,Product 4,99,10,990,on-time,no,(4) high
8/17/2019,Organic,Florida,Product 4,99,1,99,on-time,no,(3) ok
8/18/2019,Ad,Tennessee,Product 3,299,5,1495,on-time,no,(5) very high
8/18/2019,Ad,Alabama,Product 4,99,9,891,on-time,no,(3) ok
8/18/2019,Ad,South Carolina,Product 1,499,8,3992,on-time,no,(3) ok
8/18/2019,Returning,South Carolina,Product 5,399,1,399,on-time,no,(3) ok
8/18/2019,Returning,Tennessee,Product 2,199,9,1791,on-time,no,(2) low
8/18/2019,Ad,Mississippi,Product 5,399,6,2394,on-time,no,(1) very low
8/18/2019,Returning,North Carolina,Product 1,499,5,2495,delayed,yes,(4) high
8/18/2019,Returning,Mississippi,Product 1,499,6,2994,on-time,no,(2) low
8/18/2019,Returning,Florida,Product 4,99,10,990,on-time,yes,(4) high
8/18/2019,Returning,South Carolina,Product 3,299,5,1495,on-time,yes,(3) ok
8/18/2019,Organic,South Carolina,Product 4,99,8,792,on-time,no,(3) ok
8/18/2019,Organic,Alabama,Product 1,499,7,3493,on-time,no,(5) very high
8/18/2019,Organic,North Carolina,Product 4,99,7,693,delayed,no,(3) ok
8/18/2019,Ad,North Carolina,Product 3,299,3,897,on-time,no,(3) ok
8/18/2019,Organic,Georgia,Product 4,99,7,693,on-time,no,(3) ok
8/18/2019,Ad,Alabama,Product 1,499,2,998,delayed,yes,(3) ok
8/18/2019,Organic,Tennessee,Product 1,499,9,4491,on-time,no,(3) ok
8/18/2019,Organic,Georgia,Product 5,399,10,3990,on-time,no,(3) ok
8/18/2019,Organic,Mississippi,Product 3,299,10,2990,on-time,no,(5) very high
8/18/2019,Returning,Alabama,Product 5,399,1,399,on-time,no,(1) very low
8/18/2019,Organic,South Carolina,Product 2,199,6,1194,on-time,no,(2) low
8/19/2019,Ad,Georgia,Product 4,99,4,396,on-time,no,(3) ok
8/19/2019,Organic,Tennessee,Product 4,99,8,792,on-time,no,(4) high
8/19/2019,Ad,Georgia,Product 5,399,1,399,on-time,no,(2) low
8/19/2019,Returning,Georgia,Product 5,399,7,2793,on-time,yes,(3) ok
8/19/2019,Ad,North Carolina,Product 2,199,6,1194,on-time,no,(3) ok
8/19/2019,Organic,Alabama,Product 4,99,8,792,delayed,no,(4) high
8/19/2019,Organic,Alabama,Product 5,399,3,1197,on-time,no,(3) ok
8/19/2019,Ad,Florida,Product 2,199,9,1791,on-time,no,(3) ok
8/19/2019,Ad,Mississippi,Product 2,199,3,597,on-time,no,(1) very low
8/20/2019,Ad,Tennessee,Product 2,199,10,1990,delayed,yes,(3) ok
8/20/2019,Ad,Tennessee,Product 5,399,6,2394,on-time,no,(2) low
8/20/2019,Returning,Florida,Product 3,299,3,897,on-time,no,(3) ok
8/20/2019,Organic,Tennessee,Product 5,399,6,2394,delayed,no,(1) very low
8/20/2019,Organic,South Carolina,Product 3,299,3,897,delayed,no,(5) very high
8/20/2019,Ad,Tennessee,Product 1,499,8,3992,delayed,no,(1) very low
8/21/2019,Returning,Georgia,Product 2,199,8,1592,delayed,no,(3) ok
8/21/2019,Ad,South Carolina,Product 1,499,2,998,delayed,yes,(3) ok
8/22/2019,Ad,Georgia,Product 4,99,7,693,on-time,no,(5) very high
8/23/2019,Ad,South Carolina,Product 2,199,9,1791,on-time,no,(2) low
8/24/2019,Organic,North Carolina,Product 5,399,2,798,delayed,no,(3) ok
8/24/2019,Ad,Florida,Product 5,399,2,798,on-time,yes,(3) ok
8/25/2019,Organic,South Carolina,Product 3,299,9,2691,on-time,no,(4) high
8/26/2019,Returning,Florida,Product 4,99,7,693,on-time,no,(3) ok
8/27/2019,Ad,Florida,Product 2,199,5,995,on-time,no,(3) ok
8/27/2019,Returning,North Carolina,Product 3,299,4,1196,on-time,no,(3) ok
8/27/2019,Ad,North Carolina,Product 1,499,10,4990,on-time,no,(2) low
8/27/2019,Returning,Florida,Product 3,299,2,598,on-time,no,(5) very high
8/27/2019,Returning,Tennessee,Product 3,299,6,1794,on-time,yes,(3) ok
8/27/2019,Ad,North Carolina,Product 4,99,7,693,on-time,no,(3) ok
8/27/2019,Returning,Florida,Product 4,99,8,792,on-time,no,(3) ok
8/27/2019,Returning,North Carolina,Product 2,199,3,597,on-time,no,(3) ok
8/27/2019,Returning,Mississippi,Product 3,299,3,897,on-time,yes,(5) very high
8/28/2019,Organic,North Carolina,Product 4,99,10,990,delayed,no,(2) low
8/28/2019,Returning,Tennessee,Product 1,499,2,998,on-time,no,(5) very high
8/28/2019,Returning,Alabama,Product 2,199,9,1791,delayed,no,(1) very low
8/28/2019,Ad,Mississippi,Product 3,299,7,2093,on-time,no,(3) ok
8/28/2019,Returning,North Carolina,Product 2,199,3,597,on-time,no,(3) ok
8/29/2019,Organic,North Carolina,Product 2,199,2,398,delayed,no,(2) low
8/30/2019,Organic,Florida,Product 4,99,9,891,on-time,no,(3) ok
8/30/2019,Organic,Georgia,Product 2,199,5,995,delayed,no,(4) high
8/30/2019,Returning,Georgia,Product 5,399,4,1596,delayed,no,(2) low
8/30/2019,Returning,North Carolina,Product 3,299,6,1794,on-time,no,(5) very high
8/30/2019,Ad,Mississippi,Product 3,299,1,299,on-time,no,(3) ok
8/30/2019,Organic,Mississippi,Product 2,199,7,1393,delayed,yes,(1) very low
8/31/2019,Ad,Mississippi,Product 2,199,3,597,on-time,no,(2) low
8/31/2019,Organic,Florida,Product 4,99,4,396,on-time,no,(3) ok
8/31/2019,Ad,Georgia,Product 3,299,6,1794,on-time,no,(5) very high
9/1/2019,Returning,South Carolina,Product 1,499,3,1497,on-time,yes,(4) high
9/1/2019,Returning,Georgia,Product 3,299,8,2392,delayed,yes,(2) low
9/1/2019,Ad,North Carolina,Product 5,399,4,1596,on-time,no,(5) very high
9/1/2019,Organic,Georgia,Product 5,399,1,399,delayed,no,(4) high
9/1/2019,Organic,Mississippi,Product 5,399,10,3990,on-time,no,(3) ok
9/1/2019,Ad,North Carolina,Product 4,99,9,891,delayed,no,(3) ok
9/1/2019,Organic,Georgia,Product 1,499,6,2994,on-time,no,(2) low
9/1/2019,Organic,Alabama,Product 5,399,7,2793,delayed,no,(2) low
9/2/2019,Returning,Florida,Product 4,99,9,891,on-time,no,(3) ok
9/2/2019,Returning,Mississippi,Product 4,99,5,495,delayed,yes,(4) high
9/2/2019,Organic,North Carolina,Product 3,299,8,2392,on-time,no,(3) ok
9/3/2019,Organic,Tennessee,Product 1,499,2,998,delayed,no,(4) high
9/3/2019,Returning,South Carolina,Product 4,99,7,693,delayed,no,(3) ok
9/3/2019,Ad,Florida,Product 4,99,4,396,delayed,no,(3) ok
9/3/2019,Organic,Tennessee,Product 5,399,1,399,on-time,no,(4) high
9/3/2019,Organic,Alabama,Product 5,399,6,2394,on-time,no,(5) very high
9/3/2019,Returning,North Carolina,Product 4,99,5,495,on-time,no,(3) ok
9/3/2019,Returning,Florida,Product 5,399,6,2394,on-time,no,(2) low
9/3/2019,Returning,South Carolina,Product 2,199,2,398,on-time,no,(5) very high
9/4/2019,Returning,Alabama,Product 1,499,7,3493,on-time,no,(2) low
9/4/2019,Organic,Mississippi,Product 5,399,2,798,on-time,no,(4) high
9/4/2019,Returning,Tennessee,Product 5,399,10,3990,delayed,no,(1) very low
9/4/2019,Ad,North Carolina,Product 5,399,1,399,on-time,no,(3) ok
9/4/2019,Returning,Alabama,Product 5,399,4,1596,on-time,no,(1) very low
9/4/2019,Ad,Florida,Product 2,199,6,1194,on-time,no,(2) low
9/4/2019,Returning,Tennessee,Product 5,399,5,1995,delayed,no,(4) high
9/4/2019,Ad,Mississippi,Product 4,99,7,693,on-time,no,(3) ok
9/4/2019,Organic,North Carolina,Product 2,199,6,1194,on-time,yes,(5) very high
9/4/2019,Returning,Alabama,Product 4,99,6,594,on-time,no,(3) ok
9/5/2019,Organic,North Carolina,Product 1,499,10,4990,on-time,no,(3) ok
9/5/2019,Ad,Georgia,Product 5,399,9,3591,on-time,no,(3) ok
9/6/2019,Ad,Tennessee,Product 2,199,4,796,on-time,yes,(3) ok
9/6/2019,Organic,Alabama,Product 3,299,2,598,on-time,no,(4) high
9/6/2019,Organic,Georgia,Product 3,299,4,1196,on-time,no,(2) low
9/7/2019,Ad,South Carolina,Product 1,499,6,2994,on-time,no,(4) high
9/7/2019,Ad,Georgia,Product 5,399,4,1596,on-time,no,(3) ok
9/7/2019,Returning,North Carolina,Product 4,99,3,297,delayed,no,(1) very low
9/7/2019,Ad,Georgia,Product 5,399,7,2793,on-time,no,(2) low
9/8/2019,Ad,North Carolina,Product 4,99,7,693,delayed,no,(3) ok
9/9/2019,Organic,Georgia,Product 2,199,8,1592,on-time,no,(3) ok
9/9/2019,Returning,North Carolina,Product 5,399,7,2793,on-time,no,(3) ok
9/9/2019,Ad,Tennessee,Product 3,299,6,1794,on-time,no,(3) ok
9/9/2019,Returning,Alabama,Product 3,299,2,598,on-time,no,(1) very low
9/9/2019,Organic,Tennessee,Product 1,499,3,1497,on-time,no,(1) very low
9/9/2019,Organic,North Carolina,Product 4,99,4,396,delayed,no,(2) low
9/10/2019,Ad,North Carolina,Product 2,199,2,398,on-time,yes,(2) low
9/10/2019,Ad,Georgia,Product 4,99,9,891,on-time,no,(1) very low
9/10/2019,Ad,Mississippi,Product 5,399,9,3591,delayed,yes,(1) very low
9/10/2019,Returning,Alabama,Product 4,99,3,297,on-time,no,(2) low
9/11/2019,Returning,South Carolina,Product 2,199,3,597,on-time,no,(3) ok
9/11/2019,Organic,North Carolina,Product 2,199,7,1393,delayed,yes,(4) high
9/11/2019,Ad,Alabama,Product 2,199,4,796,on-time,no,(4) high
9/11/2019,Ad,Georgia,Product 1,499,2,998,delayed,no,(5) very high
9/11/2019,Ad,Alabama,Product 4,99,8,792,on-time,no,(4) high
9/11/2019,Returning,Georgia,Product 2,199,5,995,delayed,no,(4) high
9/11/2019,Organic,Georgia,Product 3,299,9,2691,on-time,yes,(1) very low
9/11/2019,Returning,South Carolina,Product 5,399,2,798,delayed,no,(3) ok
9/11/2019,Ad,Mississippi,Product 2,199,7,1393,on-time,no,(3) ok
9/11/2019,Organic,North Carolina,Product 4,99,3,297,on-time,no,(4) high
9/11/2019,Ad,Mississippi,Product 3,299,2,598,on-time,no,(5) very high
9/11/2019,Ad,Alabama,Product 1,499,1,499,on-time,no,(4) high
9/11/2019,Organic,Mississippi,Product 2,199,8,1592,delayed,yes,(3) ok
9/11/2019,Returning,Florida,Product 4,99,9,891,on-time,no,(4) high
9/12/2019,Organic,Mississippi,Product 3,299,1,299,delayed,no,(1) very low
9/12/2019,Returning,South Carolina,Product 5,399,7,2793,on-time,no,(5) very high
9/13/2019,Organic,South Carolina,Product 3,299,1,299,on-time,no,(4) high
9/14/2019,Returning,Tennessee,Product 1,499,3,1497,on-time,no,(3) ok
9/14/2019,Ad,South Carolina,Product 2,199,7,1393,on-time,no,(5) very high
9/15/2019,Organic,Tennessee,Product 2,199,1,199,on-time,no,(3) ok
9/15/2019,Organic,Alabama,Product 2,199,4,796,on-time,no,(2) low
9/15/2019,Returning,North Carolina,Product 5,399,4,1596,delayed,no,(4) high
9/15/2019,Organic,South Carolina,Product 5,399,8,3192,on-time,no,(1) very low
9/15/2019,Ad,Mississippi,Product 1,499,1,499,on-time,no,(2) low
9/15/2019,Organic,Georgia,Product 3,299,7,2093,on-time,no,(4) high
9/16/2019,Ad,Georgia,Product 3,299,10,2990,on-time,no,(3) ok
9/16/2019,Organic,Florida,Product 3,299,3,897,delayed,yes,(4) high
9/16/2019,Ad,South Carolina,Product 3,299,6,1794,on-time,no,(1) very low
9/16/2019,Returning,Alabama,Product 1,499,9,4491,on-time,no,(3) ok
9/16/2019,Returning,South Carolina,Product 3,299,2,598,on-time,no,(2) low
9/16/2019,Ad,North Carolina,Product 1,499,2,998,on-time,no,(3) ok
9/16/2019,Returning,Alabama,Product 3,299,5,1495,delayed,no,(4) high
9/16/2019,Returning,Alabama,Product 1,499,9,4491,delayed,yes,(3) ok
9/16/2019,Ad,South Carolina,Product 2,199,7,1393,on-time,no,(3) ok
9/16/2019,Returning,Georgia,Product 4,99,3,297,on-time,yes,(5) very high
9/17/2019,Ad,South Carolina,Product 1,499,8,3992,on-time,no,(5) very high
9/17/2019,Organic,South Carolina,Product 4,99,6,594,on-time,no,(1) very low
9/17/2019,Ad,South Carolina,Product 3,299,4,1196,on-time,no,(1) very low
9/17/2019,Ad,North Carolina,Product 2,199,5,995,on-time,no,(3) ok
9/17/2019,Organic,South Carolina,Product 3,299,3,897,on-time,no,(4) high
9/17/2019,Ad,North Carolina,Product 5,399,8,3192,on-time,no,(2) low
9/17/2019,Organic,Florida,Product 4,99,4,396,on-time,no,(1) very low
9/17/2019,Ad,Tennessee,Product 1,499,7,3493,on-time,yes,(3) ok
9/17/2019,Returning,Mississippi,Product 3,299,10,2990,on-time,yes,(1) very low
9/18/2019,Ad,Tennessee,Product 4,99,6,594,delayed,no,(4) high
9/18/2019,Ad,South Carolina,Product 2,199,5,995,delayed,no,(1) very low
9/18/2019,Ad,South Carolina,Product 5,399,10,3990,delayed,no,(3) ok
9/18/2019,Returning,South Carolina,Product 1,499,7,3493,on-time,no,(5) very high
9/19/2019,Organic,North Carolina,Product 1,499,7,3493,delayed,no,(4) high
9/19/2019,Ad,Florida,Product 5,399,6,2394,delayed,no,(3) ok
9/19/2019,Ad,Mississippi,Product 5,399,10,3990,delayed,no,(4) high
9/19/2019,Organic,Tennessee,Product 4,99,4,396,on-time,no,(1) very low
9/19/2019,Ad,Alabama,Product 1,499,2,998,delayed,no,(3) ok
9/19/2019,Ad,Alabama,Product 1,499,6,2994,on-time,no,(4) high
9/19/2019,Ad,Tennessee,Product 5,399,9,3591,on-time,no,(1) very low
9/19/2019,Returning,North Carolina,Product 5,399,10,3990,on-time,no,(4) high
9/20/2019,Organic,Mississippi,Product 4,99,9,891,on-time,no,(3) ok
9/21/2019,Returning,Florida,Product 2,199,4,796,on-time,no,(3) ok
9/22/2019,Ad,Georgia,Product 2,199,4,796,on-time,no,(4) high
9/22/2019,Organic,Tennessee,Product 1,499,3,1497,on-time,no,(4) high
9/22/2019,Organic,Tennessee,Product 1,499,7,3493,delayed,yes,(5) very high
9/23/2019,Returning,Alabama,Product 1,499,10,4990,delayed,no,(3) ok
9/24/2019,Organic,South Carolina,Product 4,99,5,495,on-time,no,(3) ok
9/24/2019,Ad,Tennessee,Product 1,499,3,1497,on-time,no,(2) low
9/25/2019,Organic,Tennessee,Product 2,199,6,1194,on-time,no,(3) ok
9/25/2019,Organic,Tennessee,Product 5,399,2,798,on-time,no,(3) ok
9/25/2019,Organic,North Carolina,Product 3,299,1,299,on-time,no,(3) ok
9/25/2019,Organic,Georgia,Product 5,399,9,3591,on-time,no,(4) high
9/25/2019,Organic,Florida,Product 2,199,4,796,on-time,no,(4) high
9/25/2019,Organic,South Carolina,Product 4,99,9,891,delayed,no,(2) low
9/25/2019,Organic,Florida,Product 3,299,10,2990,on-time,no,(2) low
9/25/2019,Returning,Alabama,Product 4,99,10,990,on-time,no,(1) very low
9/26/2019,Ad,North Carolina,Product 5,399,10,3990,on-time,no,(5) very high
9/26/2019,Ad,Alabama,Product 2,199,1,199,on-time,no,(2) low
9/26/2019,Ad,Georgia,Product 5,399,3,1197,on-time,no,(2) low
9/26/2019,Returning,Tennessee,Product 3,299,4,1196,on-time,no,(2) low
9/26/2019,Ad,Alabama,Product 3,299,4,1196,on-time,no,(3) ok
9/26/2019,Ad,South Carolina,Product 5,399,6,2394,on-time,no,(1) very low
9/26/2019,Ad,South Carolina,Product 4,99,8,792,delayed,no,(5) very high
9/27/2019,Returning,Tennessee,Product 2,199,2,398,delayed,yes,(4) high
9/27/2019,Ad,Tennessee,Product 5,399,4,1596,on-time,no,(3) ok
9/27/2019,Organic,Mississippi,Product 3,299,4,1196,on-time,no,(2) low
9/27/2019,Returning,Florida,Product 4,99,4,396,on-time,no,(5) very high
9/27/2019,Organic,South Carolina,Product 5,399,2,798,on-time,no,(3) ok
9/27/2019,Ad,Alabama,Product 1,499,10,4990,delayed,yes,(3) ok
9/28/2019,Ad,Georgia,Product 1,499,3,1497,on-time,no,(5) very high
9/28/2019,Ad,Georgia,Product 2,199,10,1990,on-time,no,(3) ok
9/28/2019,Organic,Florida,Product 4,99,4,396,on-time,no,(3) ok
9/29/2019,Organic,Georgia,Product 3,299,1,299,on-time,no,(3) ok
9/29/2019,Organic,South Carolina,Product 5,399,3,1197,delayed,no,(4) high
9/29/2019,Ad,Mississippi,Product 2,199,5,995,on-time,no,(3) ok
9/29/2019,Organic,Tennessee,Product 3,299,5,1495,delayed,no,(3) ok
9/29/2019,Organic,Mississippi,Product 4,99,5,495,delayed,no,(5) very high
9/29/2019,Ad,South Carolina,Product 3,299,3,897,delayed,no,(3) ok
9/29/2019,Ad,South Carolina,Product 4,99,8,792,on-time,no,(4) high
9/29/2019,Returning,Georgia,Product 3,299,6,1794,delayed,no,(3) ok
9/29/2019,Ad,Mississippi,Product 4,99,2,198,on-time,no,(2) low
9/29/2019,Organic,Tennessee,Product 3,299,2,598,on-time,no,(5) very high
9/29/2019,Returning,Florida,Product 4,99,9,891,delayed,no,(2) low
9/30/2019,Ad,Mississippi,Product 4,99,5,495,on-time,no,(4) high
9/30/2019,Organic,North Carolina,Product 5,399,2,798,delayed,no,(4) high
9/30/2019,Organic,Tennessee,Product 3,299,9,2691,on-time,no,(2) low
9/30/2019,Returning,North Carolina,Product 1,499,6,2994,on-time,yes,(3) ok
9/30/2019,Returning,Georgia,Product 5,399,1,399,on-time,no,(2) low
10/1/2019,Ad,Mississippi,Product 2,199,2,398,on-time,no,(2) low
10/1/2019,Returning,Tennessee,Product 4,99,2,198,delayed,yes,(3) ok
10/1/2019,Returning,North Carolina,Product 1,499,9,4491,on-time,no,(3) ok
10/2/2019,Ad,Mississippi,Product 2,199,4,796,on-time,no,(2) low
10/3/2019,Organic,North Carolina,Product 3,299,2,598,on-time,no,(4) high
10/3/2019,Ad,Alabama,Product 2,199,2,398,delayed,no,(1) very low
10/4/2019,Organic,South Carolina,Product 4,99,6,594,on-time,no,(5) very high
10/4/2019,Returning,Florida,Product 1,499,3,1497,delayed,no,(3) ok
10/4/2019,Ad,Georgia,Product 1,499,1,499,delayed,yes,(2) low
10/5/2019,Organic,Alabama,Product 5,399,7,2793,delayed,no,(4) high
10/5/2019,Returning,South Carolina,Product 1,499,7,3493,on-time,no,(3) ok
10/5/2019,Ad,Mississippi,Product 1,499,6,2994,on-time,no,(4) high
10/5/2019,Organic,Georgia,Product 4,99,8,792,on-time,no,(4) high
10/5/2019,Ad,Florida,Product 5,399,5,1995,on-time,no,(4) high
10/5/2019,Ad,Tennessee,Product 5,399,10,3990,on-time,yes,(3) ok
10/5/2019,Ad,Florida,Product 2,199,3,597,delayed,no,(1) very low
10/6/2019,Ad,Florida,Product 3,299,3,897,on-time,no,(5) very high
10/6/2019,Ad,South Carolina,Product 2,199,7,1393,delayed,no,(5) very high
10/6/2019,Ad,Alabama,Product 3,299,6,1794,delayed,no,(3) ok
10/7/2019,Organic,South Carolina,Product 5,399,2,798,delayed,no,(5) very high
10/7/2019,Returning,North Carolina,Product 2,199,3,597,on-time,no,(3) ok
10/7/2019,Returning,South Carolina,Product 5,399,2,798,on-time,no,(3) ok
10/7/2019,Ad,North Carolina,Product 5,399,2,798,on-time,no,(3) ok
10/7/2019,Returning,Alabama,Product 5,399,4,1596,on-time,no,(5) very high
10/8/2019,Ad,North Carolina,Product 4,99,9,891,on-time,no,(2) low
10/8/2019,Organic,South Carolina,Product 5,399,7,2793,on-time,no,(3) ok
10/8/2019,Organic,South Carolina,Product 1,499,8,3992,delayed,no,(3) ok
10/8/2019,Ad,Mississippi,Product 1,499,6,2994,on-time,yes,(3) ok
10/8/2019,Ad,Georgia,Product 1,499,10,4990,delayed,no,(2) low
10/9/2019,Ad,Florida,Product 2,199,3,597,delayed,no,(1) very low
10/9/2019,Returning,Alabama,Product 5,399,2,798,delayed,no,(5) very high
10/9/2019,Returning,Alabama,Product 5,399,8,3192,on-time,no,(2) low
10/9/2019,Returning,Florida,Product 5,399,4,1596,on-time,no,(4) high
10/9/2019,Ad,Alabama,Product 1,499,9,4491,delayed,no,(3) ok
10/9/2019,Organic,Alabama,Product 4,99,5,495,delayed,no,(1) very low
10/10/2019,Organic,Alabama,Product 1,499,9,4491,delayed,no,(3) ok
10/10/2019,Returning,Florida,Product 1,499,10,4990,on-time,no,(3) ok
10/10/2019,Returning,South Carolina,Product 3,299,3,897,delayed,no,(1) very low
10/10/2019,Ad,North Carolina,Product 1,499,5,2495,on-time,no,(3) ok
10/10/2019,Ad,Mississippi,Product 4,99,8,792,on-time,no,(3) ok
10/10/2019,Ad,Mississippi,Product 3,299,8,2392,on-time,no,(3) ok
10/11/2019,Organic,Florida,Product 2,199,5,995,on-time,no,(3) ok
10/12/2019,Returning,Florida,Product 4,99,1,99,on-time,no,(3) ok
10/12/2019,Returning,North Carolina,Product 5,399,4,1596,delayed,no,(1) very low
10/13/2019,Ad,North Carolina,Product 3,299,6,1794,on-time,no,(3) ok
10/13/2019,Returning,South Carolina,Product 3,299,3,897,on-time,no,(4) high
10/14/2019,Organic,North Carolina,Product 5,399,2,798,delayed,no,(4) high
10/15/2019,Organic,Mississippi,Product 4,99,7,693,on-time,yes,(3) ok
10/15/2019,Returning,Mississippi,Product 4,99,5,495,on-time,yes,(4) high
10/15/2019,Organic,Florida,Product 3,299,7,2093,on-time,no,(5) very high
10/15/2019,Returning,Mississippi,Product 2,199,7,1393,on-time,no,(3) ok
10/15/2019,Organic,Mississippi,Product 1,499,5,2495,on-time,no,(3) ok
10/16/2019,Organic,Mississippi,Product 3,299,2,598,on-time,no,(2) low
10/16/2019,Organic,Florida,Product 5,399,5,1995,on-time,no,(2) low
10/16/2019,Organic,Mississippi,Product 3,299,5,1495,delayed,no,(4) high
10/16/2019,Returning,Mississippi,Product 5,399,7,2793,delayed,no,(2) low
10/17/2019,Organic,Mississippi,Product 4,99,6,594,delayed,no,(4) high
10/17/2019,Ad,Mississippi,Product 1,499,8,3992,delayed,no,(1) very low
10/17/2019,Ad,Florida,Product 5,399,6,2394,delayed,no,(3) ok
10/18/2019,Ad,Georgia,Product 3,299,2,598,on-time,no,(2) low
10/18/2019,Returning,Alabama,Product 3,299,8,2392,delayed,no,(2) low
10/19/2019,Returning,North Carolina,Product 5,399,3,1197,delayed,no,(5) very high
10/19/2019,Returning,Florida,Product 1,499,8,3992,on-time,yes,(5) very high
10/20/2019,Organic,Mississippi,Product 4,99,10,990,delayed,no,(2) low
10/20/2019,Returning,Georgia,Product 5,399,6,2394,on-time,no,(5) very high
10/20/2019,Organic,Florida,Product 2,199,1,199,on-time,no,(3) ok
10/20/2019,Returning,Mississippi,Product 3,299,1,299,on-time,no,(2) low
10/20/2019,Returning,Alabama,Product 4,99,9,891,delayed,no,(2) low
10/21/2019,Organic,North Carolina,Product 4,99,8,792,on-time,no,(3) ok
10/22/2019,Organic,Alabama,Product 3,299,9,2691,delayed,no,(4) high
10/22/2019,Ad,Tennessee,Product 5,399,3,1197,on-time,no,(3) ok
10/22/2019,Organic,Alabama,Product 2,199,9,1791,on-time,no,(2) low
10/22/2019,Organic,South Carolina,Product 2,199,5,995,delayed,no,(2) low
10/23/2019,Ad,North Carolina,Product 2,199,8,1592,on-time,no,(4) high
10/23/2019,Ad,North Carolina,Product 3,299,4,1196,on-time,yes,(5) very high
10/23/2019,Ad,Florida,Product 4,99,8,792,on-time,no,(2) low
10/23/2019,Returning,Florida,Product 3,299,5,1495,on-time,no,(3) ok
10/23/2019,Ad,South Carolina,Product 1,499,5,2495,delayed,no,(3) ok
10/23/2019,Ad,Georgia,Product 2,199,3,597,on-time,no,(3) ok
10/23/2019,Organic,Florida,Product 5,399,6,2394,delayed,no,(5) very high
10/24/2019,Returning,Mississippi,Product 2,199,7,1393,on-time,no,(2) low
10/25/2019,Organic,Alabama,Product 3,299,1,299,delayed,yes,(4) high
10/25/2019,Organic,South Carolina,Product 2,199,8,1592,on-time,yes,(3) ok
10/25/2019,Returning,North Carolina,Product 5,399,2,798,delayed,yes,(4) high
10/25/2019,Organic,Tennessee,Product 5,399,10,3990,on-time,no,(3) ok
10/25/2019,Returning,Alabama,Product 5,399,4,1596,delayed,no,(5) very high
10/25/2019,Ad,Florida,Product 3,299,9,2691,on-time,no,(3) ok
10/25/2019,Organic,Tennessee,Product 5,399,5,1995,on-time,no,(3) ok
10/25/2019,Returning,Tennessee,Product 2,199,4,796,on-time,no,(3) ok
10/25/2019,Returning,North Carolina,Product 1,499,4,1996,on-time,no,(3) ok
10/25/2019,Ad,Mississippi,Product 5,399,5,1995,delayed,no,(3) ok
10/25/2019,Returning,North Carolina,Product 4,99,3,297,on-time,no,(4) high
10/26/2019,Returning,Florida,Product 2,199,7,1393,delayed,no,(3) ok
10/26/2019,Ad,Florida,Product 1,499,9,4491,on-time,no,(4) high
10/26/2019,Ad,Tennessee,Product 4,99,5,495,on-time,no,(3) ok
10/26/2019,Returning,Mississippi,Product 2,199,7,1393,delayed,no,(5) very high
10/26/2019,Returning,Mississippi,Product 1,499,8,3992,on-time,no,(3) ok
10/27/2019,Organic,North Carolina,Product 2,199,8,1592,on-time,no,(2) low
10/27/2019,Ad,North Carolina,Product 4,99,7,693,on-time,no,(3) ok
10/27/2019,Returning,Mississippi,Product 1,499,4,1996,on-time,no,(2) low
10/28/2019,Returning,Georgia,Product 5,399,7,2793,on-time,no,(4) high
10/28/2019,Returning,Mississippi,Product 2,199,1,199,on-time,no,(3) ok
10/28/2019,Organic,Georgia,Product 1,499,2,998,delayed,no,(3) ok
10/29/2019,Returning,Alabama,Product 4,99,5,495,on-time,no,(4) high
10/30/2019,Organic,Alabama,Product 3,299,2,598,on-time,no,(2) low
10/30/2019,Organic,Mississippi,Product 2,199,6,1194,on-time,no,(2) low
10/30/2019,Ad,South Carolina,Product 5,399,8,3192,on-time,yes,(4) high
10/30/2019,Ad,Florida,Product 2,199,7,1393,on-time,no,(2) low
10/30/2019,Ad,South Carolina,Product 5,399,3,1197,on-time,no,(2) low
10/31/2019,Organic,Florida,Product 2,199,3,597,on-time,no,(3) ok
10/31/2019,Organic,Georgia,Product 5,399,4,1596,on-time,yes,(4) high
10/31/2019,Organic,Tennessee,Product 1,499,1,499,on-time,no,(2) low
11/1/2019,Ad,Mississippi,Product 2,199,9,1791,on-time,no,(4) high
11/1/2019,Organic,Florida,Product 3,299,1,299,on-time,no,(4) high
11/1/2019,Organic,Alabama,Product 4,99,9,891,on-time,no,(4) high
11/2/2019,Ad,Florida,Product 4,99,5,495,on-time,yes,(2) low
11/2/2019,Organic,Alabama,Product 4,99,9,891,on-time,no,(1) very low
11/2/2019,Ad,Tennessee,Product 3,299,8,2392,delayed,no,(4) high
11/3/2019,Returning,North Carolina,Product 4,99,3,297,on-time,no,(3) ok
11/3/2019,Ad,Mississippi,Product 4,99,8,792,on-time,no,(3) ok
11/3/2019,Returning,Alabama,Product 1,499,1,499,delayed,yes,(1) very low
11/3/2019,Ad,Florida,Product 5,399,5,1995,on-time,yes,(4) high
11/3/2019,Organic,North Carolina,Product 2,199,4,796,on-time,no,(1) very low
11/4/2019,Organic,South Carolina,Product 4,99,10,990,on-time,no,(3) ok
11/4/2019,Ad,Alabama,Product 2,199,5,995,delayed,no,(3) ok
11/4/2019,Organic,Tennessee,Product 2,199,9,1791,on-time,no,(3) ok
11/4/2019,Returning,Mississippi,Product 3,299,1,299,delayed,no,(3) ok
11/4/2019,Ad,South Carolina,Product 5,399,9,3591,on-time,no,(4) high
11/4/2019,Organic,Georgia,Product 5,399,10,3990,on-time,no,(3) ok
11/4/2019,Ad,North Carolina,Product 1,499,10,4990,delayed,no,(2) low
11/5/2019,Returning,South Carolina,Product 1,499,4,1996,delayed,no,(3) ok
11/5/2019,Organic,Florida,Product 2,199,5,995,on-time,no,(4) high
11/5/2019,Ad,Alabama,Product 2,199,6,1194,on-time,no,(4) high
11/5/2019,Returning,Mississippi,Product 5,399,7,2793,on-time,no,(2) low
11/5/2019,Returning,Mississippi,Product 3,299,1,299,delayed,no,(3) ok
11/6/2019,Returning,Mississippi,Product 5,399,6,2394,on-time,no,(2) low
11/6/2019,Organic,Florida,Product 5,399,10,3990,on-time,no,(4) high
11/6/2019,Returning,North Carolina,Product 1,499,10,4990,on-time,no,(3) ok
11/6/2019,Ad,Georgia,Product 2,199,2,398,delayed,no,(2) low
11/6/2019,Ad,Mississippi,Product 4,99,1,99,delayed,no,(2) low
11/7/2019,Organic,Florida,Product 4,99,2,198,on-time,no,(1) very low
11/8/2019,Organic,Georgia,Product 3,299,6,1794,delayed,no,(1) very low
11/9/2019,Returning,Georgia,Product 5,399,6,2394,on-time,no,(2) low
11/9/2019,Ad,Georgia,Product 5,399,1,399,delayed,no,(3) ok
11/10/2019,Returning,Mississippi,Product 4,99,2,198,delayed,yes,(1) very low
11/10/2019,Ad,South Carolina,Product 1,499,6,2994,on-time,yes,(3) ok
11/11/2019,Returning,Alabama,Product 2,199,1,199,on-time,no,(3) ok
11/11/2019,Organic,Florida,Product 2,199,3,597,delayed,no,(3) ok
11/12/2019,Ad,South Carolina,Product 4,99,7,693,on-time,no,(1) very low
11/12/2019,Ad,Georgia,Product 1,499,8,3992,on-time,no,(3) ok
11/12/2019,Ad,Florida,Product 2,199,7,1393,delayed,no,(4) high
11/12/2019,Organic,Florida,Product 2,199,7,1393,delayed,no,(3) ok
11/12/2019,Ad,North Carolina,Product 1,499,9,4491,on-time,no,(4) high
11/12/2019,Ad,Alabama,Product 3,299,1,299,on-time,yes,(1) very low
11/12/2019,Ad,North Carolina,Product 1,499,3,1497,on-time,no,(1) very low
11/12/2019,Returning,Tennessee,Product 3,299,2,598,delayed,no,(4) high
11/12/2019,Returning,Georgia,Product 5,399,4,1596,delayed,no,(3) ok
11/12/2019,Organic,South Carolina,Product 3,299,4,1196,delayed,no,(1) very low
11/12/2019,Returning,Tennessee,Product 4,99,8,792,on-time,no,(3) ok
11/13/2019,Ad,Mississippi,Product 1,499,6,2994,on-time,no,(3) ok
11/13/2019,Ad,Florida,Product 4,99,3,297,delayed,no,(4) high
11/13/2019,Returning,South Carolina,Product 4,99,7,693,on-time,no,(4) high
11/13/2019,Returning,Georgia,Product 5,399,1,399,on-time,no,(5) very high
11/13/2019,Ad,Tennessee,Product 2,199,10,1990,delayed,no,(3) ok
11/13/2019,Returning,Alabama,Product 1,499,4,1996,on-time,yes,(1) very low
11/13/2019,Returning,South Carolina,Product 2,199,9,1791,on-time,no,(4) high
11/13/2019,Organic,Georgia,Product 1,499,10,4990,on-time,no,(3) ok
11/13/2019,Organic,Tennessee,Product 5,399,2,798,on-time,no,(3) ok
11/13/2019,Returning,Tennessee,Product 4,99,7,693,delayed,no,(4) high
11/13/2019,Returning,Tennessee,Product 4,99,8,792,delayed,no,(3) ok
11/13/2019,Organic,Georgia,Product 2,199,6,1194,on-time,no,(4) high
11/14/2019,Returning,Tennessee,Product 5,399,1,399,on-time,no,(2) low
11/14/2019,Organic,Mississippi,Product 4,99,1,99,on-time,no,(3) ok
11/14/2019,Organic,Alabama,Product 2,199,4,796,on-time,no,(3) ok
11/14/2019,Ad,South Carolina,Product 2,199,7,1393,on-time,yes,(3) ok
11/15/2019,Organic,South Carolina,Product 4,99,6,594,on-time,yes,(3) ok
11/15/2019,Returning,Florida,Product 2,199,4,796,delayed,no,(3) ok
11/15/2019,Organic,South Carolina,Product 4,99,6,594,delayed,no,(2) low
11/15/2019,Organic,Alabama,Product 2,199,3,597,delayed,no,(3) ok
11/15/2019,Organic,Mississippi,Product 5,399,6,2394,on-time,yes,(3) ok
11/15/2019,Ad,Florida,Product 1,499,6,2994,on-time,no,(3) ok
11/15/2019,Ad,Georgia,Product 3,299,2,598,delayed,yes,(5) very high
11/15/2019,Organic,Mississippi,Product 1,499,1,499,on-time,no,(3) ok
11/15/2019,Returning,Florida,Product 4,99,1,99,delayed,no,(2) low
11/15/2019,Organic,Florida,Product 4,99,6,594,on-time,no,(5) very high
11/16/2019,Ad,Tennessee,Product 1,499,2,998,on-time,no,(2) low
11/16/2019,Ad,North Carolina,Product 1,499,2,998,on-time,yes,(3) ok
11/16/2019,Returning,Tennessee,Product 1,499,8,3992,delayed,no,(2) low
11/16/2019,Organic,North Carolina,Product 3,299,3,897,delayed,no,(1) very low
11/16/2019,Ad,North Carolina,Product 2,199,5,995,delayed,no,(3) ok
11/16/2019,Ad,Florida,Product 1,499,5,2495,on-time,no,(3) ok
11/16/2019,Ad,North Carolina,Product 2,199,9,1791,on-time,no,(2) low
11/16/2019,Ad,Mississippi,Product 1,499,6,2994,on-time,no,(3) ok
11/16/2019,Ad,Mississippi,Product 1,499,10,4990,delayed,no,(3) ok
11/16/2019,Ad,South Carolina,Product 1,499,7,3493,on-time,no,(4) high
11/16/2019,Organic,South Carolina,Product 1,499,1,499,delayed,yes,(2) low
11/16/2019,Returning,Alabama,Product 1,499,3,1497,on-time,no,(4) high
11/16/2019,Organic,Mississippi,Product 4,99,6,594,on-time,no,(3) ok
11/16/2019,Returning,Florida,Product 2,199,10,1990,on-time,yes,(2) low
11/16/2019,Ad,Mississippi,Product 4,99,3,297,on-time,no,(1) very low
11/16/2019,Organic,Florida,Product 5,399,5,1995,delayed,no,(2) low
11/16/2019,Organic,Tennessee,Product 1,499,2,998,on-time,no,(4) high
11/16/2019,Ad,South Carolina,Product 3,299,1,299,on-time,no,(5) very high
11/16/2019,Organic,Tennessee,Product 1,499,5,2495,delayed,no,(1) very low
11/16/2019,Organic,North Carolina,Product 1,499,10,4990,delayed,no,(3) ok
11/17/2019,Ad,North Carolina,Product 1,499,7,3493,on-time,yes,(2) low
11/17/2019,Ad,North Carolina,Product 5,399,9,3591,on-time,no,(4) high
11/17/2019,Returning,Alabama,Product 1,499,6,2994,on-time,no,(4) high
11/17/2019,Returning,Georgia,Product 2,199,7,1393,on-time,yes,(3) ok
11/18/2019,Returning,Alabama,Product 1,499,1,499,on-time,no,(4) high
11/18/2019,Organic,Alabama,Product 3,299,5,1495,delayed,no,(5) very high
11/19/2019,Ad,Florida,Product 1,499,4,1996,delayed,no,(3) ok
11/19/2019,Ad,North Carolina,Product 5,399,5,1995,delayed,no,(3) ok
11/19/2019,Returning,Tennessee,Product 5,399,1,399,on-time,no,(3) ok
11/19/2019,Ad,South Carolina,Product 3,299,6,1794,on-time,no,(5) very high
11/19/2019,Returning,Mississippi,Product 5,399,9,3591,on-time,no,(1) very low
11/19/2019,Organic,Mississippi,Product 3,299,4,1196,on-time,no,(3) ok
11/19/2019,Returning,Alabama,Product 3,299,8,2392,on-time,no,(3) ok
11/19/2019,Organic,Mississippi,Product 3,299,2,598,delayed,yes,(3) ok
11/19/2019,Returning,North Carolina,Product 4,99,10,990,on-time,no,(3) ok
11/19/2019,Returning,Tennessee,Product 4,99,2,198,on-time,no,(2) low
11/19/2019,Returning,Georgia,Product 5,399,1,399,on-time,yes,(1) very low
11/19/2019,Organic,Georgia,Product 5,399,2,798,on-time,no,(3) ok
11/19/2019,Returning,Florida,Product 2,199,6,1194,on-time,no,(3) ok
11/19/2019,Organic,Mississippi,Product 4,99,9,891,on-time,no,(4) high
11/19/2019,Organic,Mississippi,Product 3,299,8,2392,delayed,no,(2) low
11/19/2019,Returning,North Carolina,Product 4,99,4,396,on-time,no,(5) very high
11/19/2019,Organic,South Carolina,Product 5,399,6,2394,on-time,no,(4) high
11/19/2019,Ad,Georgia,Product 3,299,3,897,on-time,no,(4) high
11/20/2019,Ad,North Carolina,Product 5,399,8,3192,on-time,no,(4) high
11/21/2019,Ad,Tennessee,Product 4,99,9,891,on-time,yes,(2) low
11/21/2019,Organic,Florida,Product 2,199,10,1990,on-time,no,(3) ok
11/22/2019,Organic,Alabama,Product 2,199,3,597,on-time,no,(5) very high
11/22/2019,Ad,South Carolina,Product 2,199,1,199,on-time,yes,(4) high
11/23/2019,Returning,North Carolina,Product 1,499,5,2495,delayed,no,(3) ok
11/23/2019,Returning,Georgia,Product 5,399,5,1995,on-time,yes,(4) high
11/23/2019,Returning,South Carolina,Product 5,399,9,3591,delayed,no,(3) ok
11/23/2019,Returning,North Carolina,Product 4,99,6,594,on-time,no,(3) ok
11/23/2019,Organic,Florida,Product 5,399,1,399,on-time,no,(3) ok
11/23/2019,Returning,South Carolina,Product 3,299,1,299,delayed,no,(4) high
11/23/2019,Organic,Mississippi,Product 3,299,10,2990,on-time,no,(1) very low
11/24/2019,Returning,Georgia,Product 2,199,1,199,on-time,no,(3) ok
11/24/2019,Returning,South Carolina,Product 2,199,7,1393,on-time,no,(4) high
11/24/2019,Organic,Tennessee,Product 2,199,8,1592,delayed,no,(3) ok
11/24/2019,Organic,Georgia,Product 1,499,5,2495,delayed,no,(4) high
11/24/2019,Ad,Florida,Product 5,399,6,2394,delayed,no,(4) high
11/24/2019,Ad,Georgia,Product 5,399,10,3990,on-time,no,(3) ok
11/24/2019,Organic,Tennessee,Product 5,399,3,1197,on-time,no,(4) high
11/24/2019,Organic,South Carolina,Product 3,299,2,598,delayed,no,(3) ok
11/24/2019,Organic,Florida,Product 3,299,10,2990,delayed,no,(3) ok
11/24/2019,Ad,Florida,Product 2,199,1,199,delayed,no,(3) ok
11/24/2019,Organic,Tennessee,Product 5,399,8,3192,on-time,no,(4) high
11/24/2019,Ad,South Carolina,Product 1,499,1,499,on-time,no,(3) ok
11/24/2019,Ad,North Carolina,Product 3,299,2,598,delayed,no,(3) ok
11/24/2019,Organic,Mississippi,Product 1,499,9,4491,on-time,no,(1) very low
11/24/2019,Ad,Alabama,Product 1,499,9,4491,on-time,no,(2) low
11/24/2019,Ad,Mississippi,Product 4,99,2,198,on-time,no,(3) ok
11/25/2019,Organic,Alabama,Product 3,299,10,2990,delayed,no,(3) ok
11/25/2019,Returning,Tennessee,Product 3,299,2,598,delayed,yes,(3) ok
11/25/2019,Organic,Alabama,Product 2,199,7,1393,delayed,no,(2) low
11/25/2019,Organic,North Carolina,Product 2,199,2,398,delayed,no,(3) ok
11/25/2019,Organic,Alabama,Product 5,399,5,1995,on-time,no,(2) low
11/26/2019,Returning,Tennessee,Product 2,199,9,1791,delayed,no,(3) ok
11/26/2019,Organic,Alabama,Product 5,399,1,399,delayed,no,(3) ok
11/26/2019,Organic,South Carolina,Product 1,499,1,499,on-time,no,(2) low
11/26/2019,Organic,Mississippi,Product 2,199,5,995,delayed,no,(4) high
11/27/2019,Ad,Tennessee,Product 5,399,10,3990,delayed,no,(3) ok
11/27/2019,Returning,South Carolina,Product 4,99,9,891,delayed,no,(3) ok
11/27/2019,Organic,North Carolina,Product 5,399,9,3591,on-time,no,(2) low
11/27/2019,Returning,Georgia,Product 1,499,9,4491,on-time,no,(4) high
11/28/2019,Returning,South Carolina,Product 2,199,4,796,on-time,yes,(4) high
11/28/2019,Returning,Georgia,Product 4,99,1,99,delayed,no,(4) high
11/28/2019,Ad,Georgia,Product 1,499,3,1497,delayed,no,(4) high
11/28/2019,Returning,Alabama,Product 2,199,6,1194,delayed,no,(4) high
11/29/2019,Organic,Mississippi,Product 1,499,9,4491,on-time,no,(2) low
11/29/2019,Returning,Georgia,Product 1,499,6,2994,on-time,no,(3) ok
11/30/2019,Ad,Alabama,Product 3,299,4,1196,on-time,no,(3) ok
11/30/2019,Ad,Tennessee,Product 4,99,6,594,delayed,no,(2) low
11/30/2019,Organic,Georgia,Product 5,399,5,1995,delayed,yes,(4) high
11/30/2019,Ad,Mississippi,Product 5,399,3,1197,on-time,no,(3) ok
12/1/2019,Returning,Alabama,Product 5,399,10,3990,delayed,yes,(5) very high
12/1/2019,Returning,North Carolina,Product 3,299,7,2093,delayed,no,(3) ok
12/1/2019,Ad,Georgia,Product 2,199,1,199,on-time,no,(2) low
12/2/2019,Ad,Mississippi,Product 1,499,10,4990,on-time,no,(1) very low
12/2/2019,Ad,Florida,Product 4,99,1,99,on-time,no,(3) ok
12/2/2019,Ad,North Carolina,Product 5,399,8,3192,on-time,no,(4) high
12/2/2019,Returning,Alabama,Product 3,299,6,1794,on-time,no,(1) very low
12/2/2019,Organic,Tennessee,Product 4,99,7,693,on-time,no,(3) ok
12/2/2019,Ad,Mississippi,Product 5,399,5,1995,on-time,no,(3) ok
12/2/2019,Ad,South Carolina,Product 3,299,8,2392,on-time,no,(1) very low
12/3/2019,Returning,Georgia,Product 3,299,9,2691,on-time,no,(3) ok
12/4/2019,Ad,South Carolina,Product 4,99,4,396,on-time,no,(3) ok
12/5/2019,Organic,Tennessee,Product 2,199,1,199,on-time,no,(3) ok
12/5/2019,Organic,Georgia,Product 4,99,8,792,delayed,no,(3) ok
12/5/2019,Returning,Tennessee,Product 3,299,9,2691,on-time,no,(3) ok
12/5/2019,Organic,Mississippi,Product 1,499,8,3992,delayed,no,(3) ok
12/5/2019,Ad,Mississippi,Product 1,499,9,4491,on-time,no,(4) high
12/6/2019,Returning,North Carolina,Product 2,199,4,796,on-time,no,(4) high
12/6/2019,Returning,Georgia,Product 2,199,5,995,on-time,no,(5) very high
12/6/2019,Returning,Florida,Product 1,499,9,4491,delayed,no,(2) low
12/6/2019,Organic,Mississippi,Product 2,199,8,1592,on-time,no,(2) low
12/7/2019,Ad,North Carolina,Product 3,299,8,2392,on-time,no,(2) low
12/7/2019,Returning,Florida,Product 5,399,6,2394,on-time,no,(3) ok
12/7/2019,Ad,Tennessee,Product 4,99,7,693,on-time,no,(3) ok
12/7/2019,Ad,Florida,Product 1,499,7,3493,on-time,yes,(2) low
12/7/2019,Organic,Mississippi,Product 1,499,7,3493,delayed,no,(2) low
12/7/2019,Ad,Georgia,Product 3,299,1,299,on-time,no,(5) very high
12/8/2019,Ad,South Carolina,Product 5,399,10,3990,on-time,no,(3) ok
12/8/2019,Ad,Florida,Product 1,499,4,1996,on-time,no,(4) high
12/8/2019,Organic,Georgia,Product 3,299,1,299,on-time,no,(3) ok
12/8/2019,Ad,South Carolina,Product 1,499,10,4990,delayed,yes,(3) ok
12/8/2019,Organic,Alabama,Product 4,99,7,693,on-time,no,(1) very low
12/9/2019,Organic,Alabama,Product 4,99,9,891,delayed,yes,(4) high
12/9/2019,Returning,North Carolina,Product 3,299,8,2392,on-time,no,(2) low
12/9/2019,Ad,Tennessee,Product 4,99,1,99,delayed,no,(3) ok
12/9/2019,Organic,Georgia,Product 1,499,7,3493,on-time,no,(1) very low
12/9/2019,Ad,Mississippi,Product 5,399,10,3990,delayed,yes,(4) high
12/9/2019,Ad,Alabama,Product 5,399,9,3591,delayed,yes,(1) very low
12/9/2019,Ad,Tennessee,Product 2,199,3,597,delayed,no,(3) ok
12/9/2019,Organic,Georgia,Product 1,499,10,4990,on-time,no,(4) high
12/9/2019,Organic,Florida,Product 3,299,8,2392,on-time,no,(4) high
12/10/2019,Returning,Alabama,Product 2,199,2,398,delayed,no,(3) ok
12/10/2019,Organic,Mississippi,Product 1,499,6,2994,delayed,no,(1) very low
12/10/2019,Returning,Georgia,Product 5,399,5,1995,delayed,no,(5) very high
12/10/2019,Returning,South Carolina,Product 4,99,1,99,on-time,no,(4) high
12/10/2019,Organic,Florida,Product 2,199,5,995,delayed,no,(4) high
12/11/2019,Ad,Florida,Product 5,399,9,3591,on-time,no,(3) ok
12/11/2019,Organic,Florida,Product 2,199,10,1990,on-time,no,(4) high
12/11/2019,Returning,Georgia,Product 4,99,8,792,on-time,no,(5) very high
12/12/2019,Returning,Florida,Product 1,499,9,4491,delayed,no,(3) ok
12/13/2019,Organic,Tennessee,Product 4,99,10,990,on-time,no,(4) high
12/13/2019,Organic,South Carolina,Product 3,299,4,1196,on-time,no,(4) high
12/13/2019,Organic,Florida,Product 1,499,8,3992,delayed,no,(4) high
12/13/2019,Returning,South Carolina,Product 3,299,2,598,on-time,no,(3) ok
12/13/2019,Returning,Mississippi,Product 5,399,8,3192,on-time,no,(4) high
12/13/2019,Returning,Florida,Product 4,99,8,792,on-time,no,(3) ok
12/13/2019,Returning,Mississippi,Product 2,199,10,1990,delayed,no,(4) high
12/13/2019,Returning,Mississippi,Product 5,399,3,1197,on-time,no,(3) ok
12/13/2019,Organic,Tennessee,Product 1,499,4,1996,on-time,no,(1) very low
12/13/2019,Returning,Alabama,Product 3,299,9,2691,delayed,yes,(2) low
12/13/2019,Organic,Florida,Product 1,499,3,1497,delayed,yes,(3) ok
12/14/2019,Ad,Georgia,Product 1,499,1,499,on-time,no,(3) ok
12/15/2019,Ad,North Carolina,Product 4,99,5,495,delayed,yes,(3) ok
12/15/2019,Organic,Alabama,Product 2,199,6,1194,on-time,no,(3) ok
12/15/2019,Organic,Alabama,Product 5,399,7,2793,delayed,no,(2) low
12/15/2019,Returning,South Carolina,Product 1,499,5,2495,on-time,no,(5) very high
12/15/2019,Organic,South Carolina,Product 2,199,1,199,on-time,no,(5) very high
12/15/2019,Organic,South Carolina,Product 5,399,10,3990,delayed,no,(2) low
12/15/2019,Organic,South Carolina,Product 2,199,10,1990,on-time,no,(3) ok
12/15/2019,Ad,Georgia,Product 5,399,5,1995,delayed,no,(2) low
12/15/2019,Returning,North Carolina,Product 3,299,1,299,on-time,yes,(3) ok
12/15/2019,Ad,Alabama,Product 2,199,9,1791,delayed,no,(2) low
12/15/2019,Ad,Georgia,Product 3,299,2,598,delayed,no,(4) high
12/15/2019,Ad,North Carolina,Product 5,399,10,3990,on-time,no,(3) ok
12/15/2019,Ad,South Carolina,Product 5,399,4,1596,on-time,no,(5) very high
12/15/2019,Ad,Tennessee,Product 5,399,1,399,delayed,no,(2) low
12/16/2019,Ad,Florida,Product 3,299,1,299,delayed,no,(3) ok
12/16/2019,Ad,Georgia,Product 4,99,8,792,on-time,no,(4) high
12/16/2019,Organic,Georgia,Product 3,299,9,2691,on-time,no,(3) ok
12/17/2019,Returning,Mississippi,Product 2,199,7,1393,on-time,no,(4) high
12/17/2019,Ad,Tennessee,Product 2,199,6,1194,on-time,no,(3) ok
12/17/2019,Returning,Florida,Product 3,299,8,2392,on-time,no,(3) ok
12/18/2019,Organic,South Carolina,Product 4,99,5,495,on-time,no,(5) very high
12/18/2019,Ad,Georgia,Product 4,99,5,495,on-time,yes,(2) low
12/18/2019,Ad,Georgia,Product 1,499,8,3992,on-time,no,(4) high
12/18/2019,Organic,Tennessee,Product 3,299,1,299,delayed,no,(3) ok
12/18/2019,Ad,South Carolina,Product 1,499,1,499,delayed,no,(2) low
12/19/2019,Ad,Mississippi,Product 2,199,3,597,on-time,no,(2) low
12/19/2019,Organic,North Carolina,Product 5,399,4,1596,on-time,no,(4) high
12/19/2019,Ad,South Carolina,Product 2,199,3,597,delayed,no,(4) high
12/19/2019,Returning,South Carolina,Product 1,499,6,2994,on-time,no,(3) ok
12/19/2019,Returning,South Carolina,Product 5,399,3,1197,on-time,no,(4) high
12/19/2019,Ad,Alabama,Product 3,299,3,897,on-time,no,(3) ok
12/20/2019,Returning,Florida,Product 2,199,6,1194,on-time,yes,(3) ok
12/20/2019,Organic,Tennessee,Product 3,299,10,2990,on-time,no,(4) high
12/20/2019,Organic,Tennessee,Product 3,299,1,299,on-time,yes,(1) very low
12/21/2019,Returning,Georgia,Product 2,199,6,1194,delayed,no,(4) high
12/21/2019,Organic,Mississippi,Product 3,299,8,2392,delayed,no,(3) ok
12/21/2019,Organic,Alabama,Product 3,299,1,299,on-time,no,(4) high
12/21/2019,Organic,Alabama,Product 3,299,8,2392,on-time,no,(1) very low
12/21/2019,Ad,South Carolina,Product 5,399,10,3990,on-time,no,(3) ok
12/21/2019,Organic,Alabama,Product 5,399,7,2793,on-time,no,(2) low
12/21/2019,Returning,South Carolina,Product 5,399,9,3591,on-time,no,(3) ok
12/21/2019,Returning,Mississippi,Product 3,299,2,598,delayed,no,(3) ok
12/21/2019,Returning,Mississippi,Product 4,99,5,495,on-time,no,(1) very low
12/22/2019,Ad,North Carolina,Product 2,199,3,597,on-time,no,(4) high
12/22/2019,Ad,Alabama,Product 5,399,2,798,on-time,no,(2) low
12/23/2019,Ad,Florida,Product 4,99,3,297,on-time,no,(3) ok
12/23/2019,Returning,Mississippi,Product 3,299,1,299,on-time,no,(4) high
12/23/2019,Returning,Georgia,Product 1,499,6,2994,delayed,no,(5) very high
12/24/2019,Organic,North Carolina,Product 3,299,9,2691,on-time,no,(3) ok
12/25/2019,Ad,Georgia,Product 1,499,9,4491,delayed,no,(3) ok
12/25/2019,Organic,North Carolina,Product 3,299,5,1495,on-time,no,(3) ok
12/25/2019,Ad,North Carolina,Product 5,399,3,1197,delayed,no,(1) very low
12/26/2019,Ad,Georgia,Product 5,399,10,3990,on-time,no,(3) ok
12/26/2019,Organic,Tennessee,Product 5,399,10,3990,delayed,no,(3) ok
12/26/2019,Returning,Mississippi,Product 3,299,8,2392,on-time,no,(1) very low
12/27/2019,Ad,Florida,Product 1,499,5,2495,delayed,no,(3) ok
12/28/2019,Returning,Georgia,Product 4,99,4,396,on-time,no,(2) low
12/29/2019,Ad,Alabama,Product 5,399,5,1995,on-time,no,(4) high
12/30/2019,Organic,North Carolina,Product 5,399,7,2793,delayed,no,(3) ok
12/30/2019,Ad,Mississippi,Product 4,99,9,891,on-time,no,(5) very high
12/30/2019,Organic,Georgia,Product 2,199,9,1791,delayed,no,(4) high
12/30/2019,Ad,South Carolina,Product 1,499,2,998,delayed,no,(3) ok
12/30/2019,Ad,South Carolina,Product 2,199,3,597,on-time,yes,(4) high
12/30/2019,Ad,Alabama,Product 3,299,6,1794,on-time,no,(4) high
12/30/2019,Returning,Georgia,Product 4,99,5,495,delayed,no,(3) ok
12/30/2019,Ad,Florida,Product 5,399,1,399,on-time,no,(3) ok
12/30/2019,Organic,North Carolina,Product 1,499,5,2495,delayed,no,(5) very high
12/30/2019,Ad,Mississippi,Product 5,399,5,1995,delayed,no,(3) ok
12/30/2019,Organic,Tennessee,Product 5,399,2,798,on-time,no,(2) low
12/30/2019,Ad,South Carolina,Product 5,399,1,399,delayed,yes,(4) high
12/30/2019,Ad,South Carolina,Product 5,399,10,3990,on-time,no,(2) low
12/30/2019,Returning,North Carolina,Product 3,299,4,1196,on-time,no,(2) low
12/30/2019,Ad,Georgia,Product 4,99,7,693,on-time,no,(2) low
12/30/2019,Organic,Tennessee,Product 2,199,1,199,on-time,yes,(3) ok
12/30/2019,Ad,Georgia,Product 2,199,9,1791,on-time,no,(4) high
12/30/2019,Ad,Alabama,Product 3,299,2,598,delayed,no,(5) very high
12/30/2019,Organic,Tennessee,Product 2,199,9,1791,on-time,no,(5) very high
12/30/2019,Ad,Mississippi,Product 2,199,10,1990,on-time,no,(3) ok
12/30/2019,Returning,South Carolina,Product 5,399,1,399,on-time,no,(3) ok
12/30/2019,Ad,Mississippi,Product 1,499,9,4491,delayed,no,(5) very high
12/30/2019,Returning,Florida,Product 5,399,9,3591,on-time,no,(1) very low
12/31/2019,Organic,Georgia,Product 4,99,6,594,on-time,no,(3) ok
12/31/2019,Ad,South Carolina,Product 5,399,4,1596,on-time,no,(4) high
12/31/2019,Returning,Tennessee,Product 1,499,3,1497,delayed,yes,(3) ok
12/31/2019,Returning,Alabama,Product 2,199,6,1194,on-time,no,(4) high
